@article{красавцев2011внешняя,
  title={Внешняя торговля России через порты Белого моря в начале ХХ века},
  author={Красавцев, Лев Борисович},
  journal={Вестник Северного (Арктического) федерального университета. Серия: Гуманитарные и социальные науки},
  number={3},
  pages={17--24},
  year={2011},
  publisher={Федеральное государственное автономное образовательное учреждение высшего~…}
}