@article{anderson2014permutational,
  title={Permutational multivariate analysis of variance (PERMANOVA)},
  author={Anderson, Marti J},
  journal={Wiley statsref: statistics reference online},
  pages={1--15},
  year={2014},
  publisher={Wiley Online Library}
}

@article{baden2021declining,
  title={Declining Populations of Mytilus spp. in North Atlantic Coastal Waters—A Swedish Perspective},
  author={Baden, Susanne and Hernroth, Bodil and Lindahl, Odd},
  journal={Journal of Shellfish Research},
  volume={40},
  number={2},
  pages={269--296},
  year={2021},
  publisher={BioOne}
}

@article{bakhmet2022handling,
  title={Handling the heat: Changes in the heart rate of two congeneric blue mussel species and their hybrids in response to water temperature},
  author={Bakhmet, Igor and Aristov, Dmitriy and Marchenko, Julia and Nikolaev, Kirill},
  journal={Journal of Sea Research},
  pages={102218},
  year={2022},
  publisher={Elsevier}
}


@article{bates1995genetic,
  title={Genetic variation among populations of Mytilus spp. in eastern Newfoundland},
  author={Bates, JA and Innes, DJ},
  journal={Marine Biology},
  volume={124},
  number={3},
  pages={417--424},
  year={1995},
  publisher={Springer}
}

@article{begin2004macroalgal,
  title={Macroalgal canopies: distribution and diversity of associated invertebrates and effects on the recruitment and growth of mussels},
  author={B{\'e}gin, Chantale and Johnson, Ladd E and Himmelman, John H},
  journal={Marine Ecology Progress Series},
  volume={271},
  pages={121--132},
  year={2004}
}



@article{Beukema_2015,
	doi = {10.1007/s10152-015-0440-9},
	url = {https://doi.org/10.1007%2Fs10152-015-0440-9},
	year = 2015,
	month = {sep},
	publisher = {Springer Science and Business Media {LLC}},
	volume = {69},
	number = {4},
	pages = {327--333},
	author = {J. J. Beukema and R. Dekker and M. R. van Stralen and J. de Vlas},
	title = {Large-scale synchronization of annual recruitment success and stock size in Wadden Sea populations of the mussel Mytilus edulis L.},
	journal = {Helgoland Marine Research}
}


@article{Blanchet_2008,
	doi = {10.1890/07-0986.1},
	url = {https://doi.org/10.1890%2F07-0986.1},
	year = 2008,
	month = {sep},
	publisher = {Wiley},
	volume = {89},
	number = {9},
	pages = {2623--2632},
	author = {F. Guillaume Blanchet and Pierre Legendre and Daniel Borcard},
	title = {{FORWARD} {SELECTION} {OF} {EXPLANATORY} {VARIABLES}},
	journal = {Ecology}
}


@article{Blicher_2013,
	doi = {10.3354/meps10317},
	url = {https://doi.org/10.3354%2Fmeps10317},
	year = 2013,
	month = {jul},
	publisher = {Inter-Research Science Center},
	volume = {487},
	pages = {89--100},
	author = {ME Blicher and MK Sejr and S H{\o}gslund},
	title = {Population structure of Mytilus edulis in the intertidal zone in a sub-Arctic fjord, {SW} Greenland},
	journal = {Marine Ecology Progress Series}
}


@article{Bodkin_2018,
	doi = {10.1016/j.dsr2.2017.04.008},
	url = {https://doi.org/10.1016%2Fj.dsr2.2017.04.008},
	year = 2018,
	month = {jan},
	publisher = {Elsevier {BV}},
	volume = {147},
	pages = {87--97},
	author = {James L. Bodkin and Heather A. Coletti and Brenda E. Ballachey and Daniel H. Monson and Daniel Esler and Thomas A. Dean},
	title = {Variation in abundance of Pacific Blue Mussel (Mytilus trossulus) in the Northern Gulf of Alaska, 2006{\textendash}2015},
	journal = {Deep Sea Research Part {II}: Topical Studies in Oceanography}
}

@article{Bownes_2006,
	doi = {10.1016/j.jembe.2006.07.006},
	url = {https://doi.org/10.1016%2Fj.jembe.2006.07.006},
	year = 2006,
	month = {oct},
	publisher = {Elsevier {BV}},
	volume = {338},
	number = {1},
	pages = {140--151},
	author = {Sarah J. Bownes and Christopher D. McQuaid},
	title = {Will the invasive mussel Mytilus galloprovincialis Lamarck replace the indigenous Perna perna L. on the south coast of South Africa?},
	journal = {Journal of Experimental Marine Biology and Ecology}
}

@article{Brooks_2017,
	doi = {10.32614/rj-2017-066},
	url = {https://doi.org/10.32614%2Frj-2017-066},
	year = 2017,
	publisher = {The R Foundation},
	volume = {9},
	number = {2},
	pages = {378},
	author = {Mollie,E. Brooks and Kasper Kristensen and Koen,J.,van Benthem and Arni Magnusson and Casper,W. Berg and Anders Nielsen and Hans,J. Skaug and Martin Mächler and Benjamin,M. Bolker},
	title = {{glmmTMB} Balances Speed and Flexibility Among Packages for Zero-inflated Generalized Linear Mixed Modeling},
	journal = {The R Journal}
}

@article{C_rdenas_2020,
	doi = {10.1038/s41598-020-62340-0},
	url = {https://doi.org/10.1038%2Fs41598-020-62340-0},
	year = 2020,
	month = {mar},
	publisher = {Springer Science and Business Media {LLC}},
	volume = {10},
	number = {1},
	author = {Leyla C{\'{a}}rdenas and Jean-Charles Leclerc and Paulina Bruning and Ignacio Garrido and Camille D{\'{e}}tr{\'{e}}e and Alvaro Figueroa and Marcela Astorga and Jorge M. Navarro and Ladd E. Johnson and James T. Carlton and Luis Pardo},
	title = {First mussel settlement observed in Antarctica reveals the potential for future invasions},
	journal = {Scientific Reports}
}

@article{CLARKE_1993,
	doi = {10.1111/j.1442-9993.1993.tb00438.x},
	url = {https://doi.org/10.1111%2Fj.1442-9993.1993.tb00438.x},
	year = 1993,
	month = {mar},
	publisher = {Wiley},
	volume = {18},
	number = {1},
	pages = {117--143},
	author = {K. R. CLARKE},
	title = {Non-parametric multivariate analyses of changes in community structure},
	journal = {Austral Ecology}
}

@article{Comesa_a_1999,
	doi = {10.1007/s002270050460},
	url = {https://doi.org/10.1007%2Fs002270050460},
	year = 1999,
	month = {mar},
	publisher = {Springer Science and Business Media {LLC}},
	volume = {133},
	number = {2},
	pages = {213--221},
	author = {A. S. Comesa{\~{n}}a and J. E. Toro and D. J. Innes and R. J. Thompson},
	title = {A molecular approach to the ecology of a mussel ( Mytilus edulis - M. trossulus ) hybrid zone on the east coast of Newfoundland, Canada},
	journal = {Marine Biology}
}

@incollection{Dankers_2001,
	doi = {10.1007/978-94-010-0434-3_3},
	url = {https://doi.org/10.1007%2F978-94-010-0434-3_3},
	year = 2001,
	publisher = {Springer Netherlands},
	pages = {21--30},
	author = {N. Dankers and A. G. Brinkman and A. Meijboom and E. Dijkman},
	title = {Recovery of intertidal mussel beds in the Waddensea: use of habitat maps in the management of the fishery},
	booktitle = {Coastal Shellfish {\textemdash} A Sustainable Resource}
}

@article{Dobretsov_1999,
	doi = {10.1080/08927019909378406},
	url = {https://doi.org/10.1080%2F08927019909378406},
	year = 1999,
	month = {sep},
	publisher = {Informa {UK} Limited},
	volume = {14},
	number = {2},
	pages = {153--165},
	author = {Sergey V Dobretsov},
	title = {Effects of macroalgae and biofilm on settlement of blue mussel$\less$i$\greater$(Mytilus edulis$\less$/i$\greater$l.) larvae},
	journal = {Biofouling}
}

@article{Dobretsov2001,
  title={Recruitment preferences of blue mussel spat (Mytilus edulis) for different substrata and microhabitats in the White Sea (Russia)},
  author={Dobretsov, Sergey and Wahl, Martin},
  journal={Hydrobiologia},
  volume={445},
  number={1},
  pages={27--35},
  year={2001},
  publisher={Springer}
}

@article{Drinkwater_2011,
	doi = {10.1016/j.pocean.2011.02.006},
	url = {https://doi.org/10.1016%2Fj.pocean.2011.02.006},
	year = 2011,
	month = {jul},
	publisher = {Elsevier {BV}},
	volume = {90},
	number = {1-4},
	pages = {47--61},
	author = {Kenneth F. Drinkwater},
	title = {The influence of climate variability and change on the ecosystems of the Barents Sea and adjacent waters: Review and synthesis of recent studies from the {NESSAS} Project},
	journal = {Progress in Oceanography}
}

@article{Feder_2003,
	doi = {10.14430/arctic636},
	url = {https://doi.org/10.14430%2Farctic636},
	year = 2003,
	month = {jan},
	publisher = {The Arctic Institute of North America},
	volume = {56},
	number = {4},
	author = {H.M. Feder and D.W. Norton and J.B. Geller},
	title = {A Review of Apparent 20th Century Changes in the Presence of Mussels ({\&}lt$\mathsemicolon$i{\&}gt$\mathsemicolon$Mytilus trossulus{\&}lt$\mathsemicolon$/i{\&}gt$\mathsemicolon$) and Macroalgae in Arctic Alaska, and of Historical and Paleontological Evidence Used to Relate Mollusc Distributions to Climate Change},
	journal = {{ARCTIC}}
}

@article{Fly_2012,
	doi = {10.1007/s00442-012-2486-6},
	url = {https://doi.org/10.1007%2Fs00442-012-2486-6},
	year = 2012,
	month = {oct},
	publisher = {Springer Science and Business Media {LLC}},
	volume = {172},
	number = {1},
	pages = {35--46},
	author = {Elizabeth K. Fly and Thomas J. Hilbish},
	title = {Physiological energetics and biogeographic range limits of three congeneric mussel species},
	journal = {Oecologia}
}

@article{Folmer_2014,
	doi = {10.1007/s10021-013-9742-4},
	url = {https://doi.org/10.1007%2Fs10021-013-9742-4},
	year = 2014,
	month = {jan},
	publisher = {Springer Science and Business Media {LLC}},
	volume = {17},
	number = {3},
	pages = {550--566},
	author = {Eelke O. Folmer and Jan Drent and Karin Troost and Heike Büttger and Norbert Dankers and Jeroen Jansen and Marnix van Stralen and Gerald Millat and Marc Herlyn and Catharina J. M. Philippart},
	title = {Large-Scale Spatial Dynamics of Intertidal Mussel (Mytilus edulis L.) Bed Coverage in the German and Dutch Wadden Sea},
	journal = {Ecosystems}
}

@book{fox2015applied,
  title={Applied regression analysis and generalized linear models},
  author={Fox, John},
  year={2015},
  publisher={Sage Publications}
}


@article{kenchington2002comparative,
  title={COMPARATIVE SETTLEMENT DEPTHS OF MYTILUS EDULIS C. LINNAEUS, 1758 AND M.},
  author={Kenchington, E and Freeman, KR and Vercaemer, B and MacDonald, B},
  journal={Journal of Shellfish Research},
  volume={21},
  number={1},
  pages={67--73},
  year={2002}
}

@article{gagaev1994ecology,
  title={Ecology and distribution of the mussel Mytilus trossulus septentrionalis Clessin, 1889 in the Chaun inlet of the East Siberian Sea},
  author={Gagaev, SY and Golikov, AN and Sirenko, BI and Maximovich, NV},
  journal={Ecosystems, flora and fauna of Chaun inlet of the East Siberian Sea. Part I. Exploration of fauna of the seas},
  volume={44},
  number={55},
  pages={254--258},
  year={1994}
}

@article{Genelt_Yanovskiy_2018,
	doi = {10.1111/jzs.12231},
	url = {https://doi.org/10.1111%2Fjzs.12231},
	year = 2018,
	month = {jun},
	publisher = {Hindawi Limited},
	volume = {57},
	number = {1},
	pages = {67--79},
	author = {Evgeny Genelt-Yanovskiy and Sophia Nazarova and Oleg Tarasov and Natalia Mikhailova and Petr Strelkov},
	title = {Phylogeography of the temperate marine bivalve$\less$i$\greater$Cerastoderma edule$\less$/i$\greater$(Linnaeus, 1758) (Bivalvia: Cardiidae) in the Subarctic: Unique diversity and strong population structuring at different spatial scales},
	journal = {Journal of Zoological Systematics and Evolutionary Research}
}

@book{gosling2021marine,
  title={Marine Mussels: Ecology, Physiology, Genetics and Culture},
  author={Gosling, Elizabeth},
  year={2021},
  publisher={John Wiley \& Sons}
}

@article{Hansen_2011,
	doi = {10.1111/j.1365-2699.2010.02473.x},
	url = {https://doi.org/10.1111%2Fj.1365-2699.2010.02473.x},
	year = 2011,
	month = {feb},
	publisher = {Wiley},
	volume = {38},
	number = {6},
	pages = {1197--1212},
	author = {Jesper Hansen and Nils-Martin Hanken and Jan K. Nielsen and Jesper K. Nielsen and Elsebeth Thomsen},
	title = {Late Pleistocene and Holocene distribution of Mytilus edulis in the Barents Sea region and its palaeoclimatic implications},
	journal = {Journal of Biogeography}
}

@article{Assmann_2022,
	doi = {10.5194/egusphere-egu22-6930},
	url = {https://doi.org/10.5194%2Fegusphere-egu22-6930},
	year = 2022,
	month = {mar},
	publisher = {Copernicus {GmbH}},
	author = {Karen M. Assmann and Randi B. Ingvaldsen and Raul Primicerio and Maria Fossheim and Igor V. Polyakov and Andrey V. Dolgov},
	title = {Physical manifestations and ecological implications of Arctic Atlantification}
}

@article{ingvaldsen2021physical,
  title={Physical manifestations and ecological implications of Arctic Atlantification},
  author={Ingvaldsen, Randi B and Assmann, Karen M and Primicerio, Raul and Fossheim, Maria and Polyakov, Igor V and Dolgov, Andrey V},
  journal={Nature Reviews Earth \& Environment},
  volume={2},
  number={12},
  pages={874--889},
  year={2021},
  publisher={Nature Publishing Group}
}

@article{Johannesen_2012,
	doi = {10.1371/journal.pone.0034924},
	url = {https://doi.org/10.1371%2Fjournal.pone.0034924},
	year = 2012,
	month = {apr},
	publisher = {Public Library of Science ({PLoS})},
	volume = {7},
	number = {4},
	pages = {e34924},
	author = {Edda Johannesen and {\AA}ge S. H{\o}ines and Andrey V. Dolgov and Maria Fossheim},
	editor = {Andreas Fahlman},
	title = {Demersal Fish Assemblages and Spatial Diversity Patterns in the Arctic-Atlantic Transition Zone in the Barents Sea},
	journal = {{PLoS} {ONE}}
}

@article{Jones_2010,
	doi = {10.1111/j.1365-2699.2010.02386.x},
	url = {https://doi.org/10.1111%2Fj.1365-2699.2010.02386.x},
	year = 2010,
	month = {aug},
	publisher = {Wiley},
	volume = {37},
	number = {12},
	pages = {2243--2259},
	author = {Sierra J. Jones and Fernando P. Lima and David S. Wethey},
	title = {Rising environmental temperatures and biogeography: poleward range contraction of the blue mussel, Mytilus edulis L., in the western Atlantic},
	journal = {Journal of Biogeography}
}

@article{Katolikova_2016,
	doi = {10.1371/journal.pone.0152963},
	url = {https://doi.org/10.1371%2Fjournal.pone.0152963},
	year = 2016,
	month = {apr},
	publisher = {Public Library of Science ({PLoS})},
	volume = {11},
	number = {4},
	pages = {e0152963},
	author = {Marina Katolikova and Vadim Khaitov and Risto Väinölä and Michael Gantsevich and Petr Strelkov},
	editor = {Donald James Colgan},
	title = {Genetic, Ecological and Morphological Distinctness of the Blue Mussels Mytilus trossulus Gould and M. edulis L. in the White Sea},
	journal = {{PLOS} {ONE}}
}

@article{kenchington2002comparative,
  title={COMPARATIVE SETTLEMENT DEPTHS OF MYTILUS EDULIS C. LINNAEUS, 1758 AND M.},
  author={Kenchington, E and Freeman, KR and Vercaemer, B and MacDonald, B},
  journal={Journal of Shellfish Research},
  volume={21},
  number={1},
  pages={67--73},
  year={2002}
}

@article{Khaitov_2016,
	doi = {10.1007/s10750-016-2837-0},
	url = {https://doi.org/10.1007%2Fs10750-016-2837-0},
	year = 2016,
	month = {jun},
	publisher = {Springer Science and Business Media {LLC}},
	volume = {781},
	number = {1},
	pages = {161--180},
	author = {Vadim M. Khaitov and Natalia V. Lentsman},
	title = {The cycle of mussels: long-term dynamics of mussel beds on intertidal soft bottoms at the White Sea},
	journal = {Hydrobiologia}
}


@article{Khaitov_2021,
	doi = {10.1371/journal.pone.0249587},
	url = {https://doi.org/10.1371%2Fjournal.pone.0249587},
	year = 2021,
	month = {jul},
	publisher = {Public Library of Science ({PLoS})},
	volume = {16},
	number = {7},
	pages = {e0249587},
	author = {Vadim Khaitov and Julia Marchenko and Marina Katolikova and Risto Väinölä and Sarah E. Kingston and David B. Carlon and Michael Gantsevich and Petr Strelkov},
	editor = {Frank Melzner},
	title = {Species identification based on a semi-diagnostic marker: Evaluation of a simple conchological test for distinguishing blue mussels Mytilus edulis L. and M. trossulus Gould},
	journal = {{PLOS} {ONE}}
}



@article{Khalaman_2020,
	doi = {10.1007/s00300-020-02712-4},
	url = {https://doi.org/10.1007%2Fs00300-020-02712-4},
	year = 2020,
	month = {jul},
	publisher = {Springer Science and Business Media {LLC}},
	volume = {43},
	number = {9},
	pages = {1341--1352},
	author = {Vyacheslav V. Khalaman and Alena D. Trunova and Nikolay N. Tridrikh and Vyacheslav S. Zharnikov and Vassily A. Spiridonov},
	title = {From uniformity to multiplicity: development of a sub-arctic Littoral Mussel Bed in the Sea of Okhotsk},
	journal = {Polar Biology}
}


@article{Kotwicki_2021,
	doi = {10.1016/j.gloplacha.2021.103502},
	url = {https://doi.org/10.1016%2Fj.gloplacha.2021.103502},
	year = 2021,
	month = {jul},
	publisher = {Elsevier {BV}},
	volume = {202},
	pages = {103502},
	author = {L. Kotwicki and J.M. Weslawski and M. W{\l}odarska-Kowalczuk and M. Mazurkiewicz and R. Wenne and M. Zbawicka and D. Minchin and S. Olenin},
	title = {The re-appearance of the Mytilus spp. complex in Svalbard, Arctic, during the Holocene: The case for an arrival by anthropogenic flotsam},
	journal = {Global and Planetary Change}
}

@article{Laakkonen_2020,
	doi = {10.1111/jeb.13674},
	url = {https://doi.org/10.1111%2Fjeb.13674},
	year = 2020,
	month = {sep},
	publisher = {Wiley},
	volume = {34},
	number = {1},
	pages = {73--96},
	author = {Hanna M. Laakkonen and Michael Hardman and Petr Strelkov and Risto Väinölä},
	title = {Cycles of trans-Arctic dispersal and vicariance, and diversification of the amphi-boreal marine fauna},
	journal = {Journal of Evolutionary Biology}
}


@book{legendre2012numerical,
  title={Numerical ecology},
  author={Legendre, Pierre and Legendre, Louis},
  year={2012},
  publisher={Elsevier}
}

@article{Leopold_2018,
	doi = {10.1007/s00300-018-2415-1},
	url = {https://doi.org/10.1007%2Fs00300-018-2415-1},
	year = 2018,
	month = {oct},
	publisher = {Springer Science and Business Media {LLC}},
	volume = {42},
	number = {1},
	pages = {237--244},
	author = {Peter Leopold and Paul E. Renaud and William G. Ambrose and J{\o}rgen Berge},
	title = {High Arctic Mytilus spp.: occurrence, distribution and history of dispersal},
	journal = {Polar Biology}
}

@article{Liu_2011,
	doi = {10.1111/j.1439-0485.2011.00446.x},
	url = {https://doi.org/10.1111%2Fj.1439-0485.2011.00446.x},
	year = 2011,
	month = {apr},
	publisher = {Wiley},
	volume = {32},
	number = {4},
	pages = {480--487},
	author = {Guangxu Liu and Erin Stapleton and David Innes and Raymond Thompson},
	title = {Aggregational behavior of the blue mussels Mytilus edulis and Mytilus trossulus: a potential pre-zygotic reproductive isolation mechanism},
	journal = {Marine Ecology}
}

@article{Mangerud_2017,
	doi = {10.1177/0959683617715701},
	url = {https://doi.org/10.1177%2F0959683617715701},
	year = 2017,
	month = {jun},
	publisher = {{SAGE} Publications},
	volume = {28},
	number = {1},
	pages = {65--83},
	author = {Jan Mangerud and John Inge Svendsen},
	title = {The Holocene Thermal Maximum around Svalbard, Arctic North Atlantic$\mathsemicolon$ molluscs show early and exceptional warmth},
	journal = {The Holocene}
}

@article{Marshall_2016,
	doi = {10.1175/jcli-d-16-0179.1},
	url = {https://doi.org/10.1175%2Fjcli-d-16-0179.1},
	year = 2016,
	month = {sep},
	publisher = {American Meteorological Society},
	volume = {29},
	number = {18},
	pages = {6823--6840},
	author = {Gareth J. Marshall and Rebecca M. Vignols and W. G. Rees},
	title = {Climate Change in the Kola Peninsula, Arctic Russia, during the Last 50 Years from Meteorological Observations},
	journal = {Journal of Climate}
}

@article{Matishov_2012,
	doi = {10.1007/s00300-012-1237-9},
	url = {https://doi.org/10.1007%2Fs00300-012-1237-9},
	year = 2012,
	month = {sep},
	publisher = {Springer Science and Business Media {LLC}},
	volume = {35},
	number = {12},
	pages = {1773--1790},
	author = {Gennady Matishov and Denis Moiseev and Olga Lyubina and Aleksandr Zhichkin and Sergey Dzhenyuk and Oleg Karamushko and Elena Frolova},
	title = {Climate and cyclic hydrobiological changes of the Barents Sea from the twentieth to twenty-first centuries},
	journal = {Polar Biology}
}

@article{McDonald_1991,
	doi = {10.1007/bf01319403},
	url = {https://doi.org/10.1007%2Fbf01319403},
	year = 1991,
	month = {oct},
	publisher = {Springer Science and Business Media {LLC}},
	volume = {111},
	number = {3},
	pages = {323--333},
	author = {McDonald, JH and Seed, Ray and Koehn, RK},
	title = {Allozymes and morphometric characters of three species {ofMytilus} in the Northern and Southern Hemispheres},
	journal = {Marine Biology}
}

@article{Michalek_2021,
	doi = {10.1111/eva.13245},
	url = {https://doi.org/10.1111%2Feva.13245},
	year = 2021,
	month = {may},
	publisher = {Wiley},
	volume = {14},
	number = {7},
	pages = {1830--1843},
	author = {Kati Michalek and David L. J. Vendrami and Michaël Bekaert and David H. Green and Kim S. Last and Luca Telesca and Thomas A. Wilding and Joseph I. Hoffman},
	title = {$\less$i$\greater$Mytilus trossulus$\less$/i$\greater$
		            introgression and consequences for shell traits in longline cultivated mussels},
	journal = {Evolutionary Applications}
}

@article{moreau2005distribution,
  doi = {10.2983/0730-8000(2005)24[545:domeam]2.0.co;2},
  title={Distribution of Mytilus edulis and M. trossulus on the Gaspe coast in relation to spatial scale},
  author={Moreau, Valerie and Tremblay, Rejean and Bourget, Edwin},
  journal={Journal of Shellfish Research},
  volume={24},
  number={2},
  pages={545--551},
  year={2005},
  publisher={BioOne}
}

@article{Okamura_1986,
	doi = {10.1007/bf00377054},
	url = {https://doi.org/10.1007%2Fbf00377054},
	year = 1986,
	month = {jun},
	publisher = {Springer Science and Business Media {LLC}},
	volume = {69},
	number = {3},
	pages = {341--347},
	author = {B. Okamura},
	title = {Group living and the effects of spatial position in aggregations of Mytilus edulis},
	journal = {Oecologia}
}

@article{oksanen2017others,
  title={others (2019) vegan: community ecology package. R package version 2.5-6},
  author={Oksanen, J and Blanchet, F Guillaume and Friendly, Michael and Kindt, R and Legendre, P and McGlinn, D and Minchin, PR and O’Hara, RB and Simpson, GL and Solymos, P},
  journal={Community ecology package, version},
  year={2017}
}

@article{pedersen2019hierarchical,
  title={Hierarchical generalized additive models in ecology: an introduction with mgcv},
  author={Pedersen, Eric J and Miller, David L and Simpson, Gavin L and Ross, Noam},
  journal={PeerJ},
  volume={7},
  pages={e6876},
  year={2019},
  publisher={PeerJ Inc.}
}

@article{Pedersen_2021,
	doi = {10.3389/fmars.2021.732637},
	url = {https://doi.org/10.3389%2Ffmars.2021.732637},
	year = 2021,
	month = {sep},
	publisher = {Frontiers Media {SA}},
	volume = {8},
	author = {Torstein Pedersen and Nina Mikkelsen and Ulf Lindstr{\o}m and Paul E. Renaud and Marcela C. Nascimento and Marie-Anne Blanchet and Ingrid H. Ellingsen and Lis L. J{\o}rgensen and Hugues Blanchet},
	title = {Overexploitation, Recovery, and Warming of the Barents Sea Ecosystem During 1950{\textendash}2013},
	journal = {Frontiers in Marine Science}
}

@article{Plotkin_2006,
	doi = {10.1134/s1063074006010123},
	url = {https://doi.org/10.1134%2Fs1063074006010123},
	year = 2006,
	month = {mar},
	publisher = {Pleiades Publishing Ltd},
	volume = {32},
	number = {1},
	pages = {74--74},
	author = {A. S. Plotkin and A. I. Gerasimova and A. Yu. Pimenov and T. M. Sipenkova},
	title = {Subtidal underwater rock communities of the White Sea: Structure and interaction with bottom flow},
	journal = {Russian Journal of Marine Biology}
}


@article{Pritchard_2000,
	doi = {10.1093/genetics/155.2.945},
	url = {https://doi.org/10.1093%2Fgenetics%2F155.2.945},
	year = 2000,
	month = {jun},
	publisher = {Oxford University Press ({OUP})},
	volume = {155},
	number = {2},
	pages = {945--959},
	author = {Jonathan K Pritchard and Matthew Stephens and Peter Donnelly},
	title = {Inference of Population Structure Using Multilocus Genotype Data},
	journal = {Genetics}
}


@article{Rayssac_2010,
	doi = {10.3354/meps08774},
	url = {https://doi.org/10.3354%2Fmeps08774},
	year = 2010,
	month = {nov},
	publisher = {Inter-Research Science Center},
	volume = {417},
	pages = {183--191},
	author = {N Rayssac and F Pernet and O Lacasse and R Tremblay},
	title = {Temperature effect on survival, growth, and triacylglycerol content during the early ontogeny of Mytilus edulis and M. trossulus},
	journal = {Marine Ecology Progress Series}
}


@article{RIGINOS_2004,
	doi = {10.1111/j.1365-294x.2004.02379.x},
	url = {https://doi.org/10.1111%2Fj.1365-294x.2004.02379.x},
	year = 2004,
	month = {dec},
	publisher = {Wiley},
	volume = {14},
	number = {2},
	pages = {381--400},
	author = {C. RIGINOS and C. W. CUNNINGHAM},
	title = {{INVITED} {REVIEW}: Local adaptation and species segregation in two mussel (Mytilus edulis~{\texttimes}~Mytilus trossulus) hybrid zones},
	journal = {Molecular Ecology}
}


@article{Schneider_2007,
	doi = {10.3354/meps339157},
	url = {https://doi.org/10.3354%2Fmeps339157},
	year = 2007,
	month = {jun},
	publisher = {Inter-Research Science Center},
	volume = {339},
	pages = {157--167},
	author = {KR Schneider and B Helmuth},
	title = {Spatial variability in habitat temperature may drive patterns of selection between an invasive and native mussel species},
	journal = {Marine Ecology Progress Series}
}

@article{seed1992population,
  title={Population and community ecology of Mytilus},
  author={Seed, RaTHS and Suchanek, Thomas H},
  journal={Developments in aquaculture and fisheries science},
  volume={25},
  pages={87--169},
  year={1992}
}

@article{Selin_2006,
	doi = {10.1134/s1063074006060058},
	url = {https://doi.org/10.1134%2Fs1063074006060058},
	year = 2006,
	month = {dec},
	publisher = {Pleiades Publishing Ltd},
	volume = {32},
	number = {6},
	pages = {360--368},
	author = {N. I. Selin and V. N. Lysenko},
	title = {Size and age composition of populations and growth of Mytilus trossulus (Bivalvia: Mytilidae) in the subtidal area of western Kamchatka},
	journal = {Russian Journal of Marine Biology}
}


@article{Seuront_2019,
	doi = {10.1038/s41598-019-53580-w},
	url = {https://doi.org/10.1038%2Fs41598-019-53580-w},
	year = 2019,
	month = {nov},
	publisher = {Springer Science and Business Media {LLC}},
	volume = {9},
	number = {1},
	author = {Laurent Seuront and Katy R. Nicastro and Gerardo I. Zardi and Eric Goberville},
	title = {Decreased thermal tolerance under recurrent heat stress conditions explains summer mass mortality of the blue mussel Mytilus edulis},
	journal = {Scientific Reports}
}

@article{Simon_2019,
	doi = {10.1101/818559},
	url = {https://doi.org/10.1101%2F818559},
	year = 2019,
	month = {oct},
	publisher = {Cold Spring Harbor Laboratory},
	author = {Alexis Simon and Christelle Fraïsse and Tahani El Ayari and Cathy Liautard-Haag and Petr Strelkov and John J. Welch and Nicolas Bierne},
	title = {How do species barriers decay? Concordance and local introgression in mosaic hybrid zones of mussels}
}


@article{Sorte_2016,
	doi = {10.1111/gcb.13425},
	url = {https://doi.org/10.1111%2Fgcb.13425},
	year = 2016,
	month = {aug},
	publisher = {Wiley},
	volume = {23},
	number = {1},
	pages = {341--352},
	author = {Cascade J. B. Sorte and Victoria E. Davidson and Marcus C. Franklin and Kylla M. Benes and Meredith M. Doellman and Ron J. Etter and Robyn E. Hannigan and Jane Lubchenco and Bruce A. Menge},
	title = {Long-term declines in an intertidal foundation species parallel shifts in community composition},
	journal = {Global Change Biology}
}

@article{Stewart_2012,
	doi = {10.1155/2012/492308},
	url = {https://doi.org/10.1155%2F2012%2F492308},
	year = 2012,
	publisher = {Hindawi Limited},
	volume = {2012},
	pages = {1--12},
	author = {Nathan L. Stewart and Brenda Konar},
	title = {Kelp Forests versus Urchin Barrens: Alternate Stable States and Their Effect on Sea Otter Prey Quality in the Aleutian Islands},
	journal = {Journal of Marine Biology}
}

@article{Stillman_2000,
	doi = {10.3354/meps208131},
	url = {https://doi.org/10.3354%2Fmeps208131},
	year = 2000,
	publisher = {Inter-Research Science Center},
	volume = {208},
	pages = {131--145},
	author = {RA Stillman and S McGrorty and JD Goss-Custard and AD West},
	title = {Predicting mussel population density and age structure: the relationship between model complexity and predictive power},
	journal = {Marine Ecology Progress Series}
}

@article{Strelkov_2017,
	doi = {10.1007/s00227-017-3249-z},
	url = {https://doi.org/10.1007%2Fs00227-017-3249-z},
	year = 2017,
	month = {oct},
	publisher = {Springer Science and Business Media {LLC}},
	volume = {164},
	number = {11},
	author = {Petr Strelkov and Marina Katolikova and Risto Väinolä},
	title = {Temporal change of the Baltic Sea{\textendash}North Sea blue mussel hybrid zone over two decades},
	journal = {Marine Biology}
}

@article{Sukhotin_2008,
	doi = {10.1007/s00300-008-0474-4},
	url = {https://doi.org/10.1007%2Fs00300-008-0474-4},
	year = 2008,
	month = {jun},
	publisher = {Springer Science and Business Media {LLC}},
	volume = {31},
	number = {11},
	pages = {1357--1363},
	author = {A. A. Sukhotin and Yu. V. Krasnov and K. V. Galaktionov},
	title = {Subtidal populations of the blue mussel Mytilus edulis as key determinants of waterfowl flocks in the southeastern Barents Sea},
	journal = {Polar Biology}
}

@article{Sukhotin_2007,
	doi = {10.1080/17451000701364869},
	url = {https://doi.org/10.1080%2F17451000701364869},
	year = 2007,
	month = {jun},
	publisher = {Informa {UK} Limited},
	volume = {3},
	number = {3},
	pages = {155--167},
	author = {A. A. Sukhotin and P. P. Strelkov and N. V. Maximovich and H. Hummel},
	title = {Growth and longevity of$\less$i$\greater$Mytilus edulis$\less$/i$\greater$(L.) from northeast Europe},
	journal = {Marine Biology Research}
}


@article{Tam_2013,
	doi = {10.1080/17451000.2013.793809},
	url = {https://doi.org/10.1080%2F17451000.2013.793809},
	year = 2013,
	month = {sep},
	publisher = {Informa {UK} Limited},
	volume = {10},
	number = {1},
	pages = {51--60},
	author = {Jamie C. Tam and Ricardo A. Scrosati},
	title = {Distribution of cryptic mussel species ($\less$i$\greater$Mytilus edulis$\less$/i$\greater$and$\less$i$\greater$M. trossulus$\less$/i$\greater$) along wave exposure gradients on northwest Atlantic rocky shores},
	journal = {Marine Biology Research}
}

@article{ter_Braak_1995,
	doi = {10.1007/bf00877430},
	url = {https://doi.org/10.1007%2Fbf00877430},
	year = 1995,
	month = {sep},
	publisher = {Springer Science and Business Media {LLC}},
	volume = {57},
	number = {3},
	pages = {255--289},
	author = {Cajo J. F. ter Braak and Piet F. M. Verdonschot},
	title = {Canonical correspondence analysis and related multivariate methods in aquatic ecology},
	journal = {Aquatic Sciences}
}

@article{Thyrring_2014,
	doi = {10.1007/s00227-014-2575-7},
	url = {https://doi.org/10.1007%2Fs00227-014-2575-7},
	year = 2014,
	month = {nov},
	publisher = {Springer Science and Business Media {LLC}},
	volume = {162},
	number = {1},
	pages = {235--243},
	author = {Jakob Thyrring and S{\o}ren Rysgaard and Martin E. Blicher and Mikael K. Sejr},
	title = {Metabolic cold adaptation and aerobic performance of blue mussels (Mytilus edulis) along a temperature gradient into the High Arctic region},
	journal = {Marine Biology}
}

@article{vainola2011mytilus,
  title={Mytilus trossulus in northern Europe},
  author={V{\"a}in{\"o}l{\"a}, Risto and Strelkov, Petr},
  journal={Marine biology},
  volume={158},
  number={4},
  pages={817--833},
  year={2011},
  publisher={Springer}
}

@article{van_der_Meer_2018,
	doi = {10.1007/s10021-018-0320-7},
	url = {https://doi.org/10.1007%2Fs10021-018-0320-7},
	year = 2018,
	month = {nov},
	publisher = {Springer Science and Business Media {LLC}},
	volume = {22},
	number = {5},
	pages = {1024--1034},
	author = {Jaap van der Meer and Norbert Dankers and Bruno. J. Ens and Marnix van Stralen and Karin Troost and Andreas M. Waser},
	title = {The Birth, Growth and Death of Intertidal Soft-Sediment Bivalve Beds: No Need for Large-Scale Restoration Programs in the Dutch Wadden Sea},
	journal = {Ecosystems}
}

@article{Wenne_2020,
	doi = {10.3390/genes11050530},
	url = {https://doi.org/10.3390%2Fgenes11050530},
	year = 2020,
	month = {may},
	publisher = {{MDPI} {AG}},
	volume = {11},
	number = {5},
	pages = {530},
	author = {Roman Wenne and Ma{\l}gorzata Zbawicka and Lis Bach and Petr Strelkov and Mikhail Gantsevich and Piotr Kukli{\'{n}}ski and Tomasz Kijewski and John H. McDonald and Kristil Kindem Sundsaasen and Mariann {\'{A}}rnyasi and Sigbj{\o}rn Lien and Ants Kaasik and Kristjan Herkül and Jonne Kotta},
	title = {Trans-Atlantic Distribution and Introgression as Inferred from Single Nucleotide Polymorphism: Mussels Mytilus and Environmental Factors},
	journal = {Genes}
}


@article{Westerbom_2021,
	doi = {10.3389/fmars.2021.659556},
	url = {https://doi.org/10.3389%2Ffmars.2021.659556},
	year = 2021,
	month = {jul},
	publisher = {Frontiers Media {SA}},
	volume = {8},
	author = {Mats Westerbom and Patrik Kraufvelin and Olli Mustonen and Eliecer D{\'{\i}}az},
	title = {Explaining Recruitment Stochasticity at a Species' Range Margin},
	journal = {Frontiers in Marine Science}
}

@article{Wood_2010,
	doi = {10.1111/j.1467-9868.2010.00749.x},
	url = {https://doi.org/10.1111%2Fj.1467-9868.2010.00749.x},
	year = 2010,
	month = {sep},
	publisher = {Wiley},
	volume = {73},
	number = {1},
	pages = {3--36},
	author = {Simon N. Wood},
	title = {Fast stable restricted maximum likelihood and marginal likelihood estimation of semiparametric generalized linear models},
	journal = {Journal of the Royal Statistical Society: Series B (Statistical Methodology)}
}


@book{zuur2009mixed,
  title={Mixed effects models and extensions in ecology with R},
  author={Zuur, Alain F and Ieno, Elena N and Walker, Neil J and Saveliev, Anatoly A and Smith, Graham M and others},
  volume={574},
  year={2009},
  publisher={Springer}
}


@misc{brey2001population,
  title={Population dynamics in benthic invertebrates. A virtual handbook},
  author={Brey, Thomas},
  journal={http://www. awi-bremerhaven. de/Benthic/Ecosystem/FoodWeb/Handbook/main. html. Alfred Wegener Institute for Polar and Marine Research, Germany},
  year={2001}
}

@article{connor1997marine,
  title={Marine biotope classification for Britain and Ireland},
  author={Connor, David W and Brazier, D Paul and Hill, Timothy O and Northen, Kate O},
  journal={Joint Nature Conservation Review, Peterborough, UK},
  year={1997}
}

@article{denisenko2001long,
  title={Long-term changes of zoobenthos biomass in the Barents Sea},
  author={Denisenko, SG},
  journal={Proc. Zool. Inst. Russ. Acad. Sci},
  volume={289},
  pages={59--66},
  year={2001}
}

@Manual{Vegan_2020,
    title = {vegan: Community Ecology Package},
    author = {Jari Oksanen and F. Guillaume Blanchet and Michael Friendly and Roeland Kindt and Pierre Legendre and Dan McGlinn and Peter R. Minchin and R. B. O'Hara and Gavin L. Simpson and Peter Solymos and M. Henry H. Stevens and Eduard Szoecs and Helene Wagner},
    year = {2020},
    note = {R package version 2.5-7},
    url = {https://CRAN.R-project.org/package=vegan},
  }

 @Manual{R,
    title = {R: A Language and Environment for Statistical Computing},
    author = {{R Core Team}},
    organization = {R Foundation for Statistical Computing},
    address = {Vienna, Austria},
    year = {2021},
    url = {https://www.R-project.org/},
  }

































