
@article{shklarevich2015,
  title={Антропогенное влияние регулируемого сброса пресных вод из систем ГЭС в Белое море на мелководных беспозвоночных},
  author={Шкляревич, Галина Андреевна and Моисеева, Елена Анатольевна},
  journal={Ученые записки Петрозаводского государственного университета},
  number={8 (153)},
  pages={46--51},
  year={2015},
  publisher={Федеральное государственное бюджетное образовательное учреждение высшего~…}
}


@article{waite2022following,
  title={Following the thread: Mytilus mussel byssus as an inspired multi-functional biomaterial},
  author={Waite, J Herbert and Harrington, Matthew J},
  journal={Canadian Journal of Chemistry},
  volume={100},
  number={3},
  pages={197--211},
  year={2022},
  publisher={Canadian Science Publishing 1840 Woodward Drive, Suite 1, Ottawa, ON K2C 0P7}
}

@article{brazee2006interspecific,
  title={Interspecific comparison of the mechanical properties of mussel byssus},
  author={Brazee, Shanna L and Carrington, Emily},
  journal={The Biological Bulletin},
  volume={211},
  number={3},
  pages={263--274},
  year={2006},
  publisher={Marine Biological Laboratory}
}

@article{vekhova2021byssal,
  title={The byssal apparatus in the Pacific mussel, Mytilus trossulus (Bivalvia, Mytilidae), from the Sea of Japan},
  author={Vekhova, EE},
  journal={Biology Bulletin},
  volume={48},
  number={9},
  pages={1443--1451},
  year={2021},
  publisher={Springer}
}

@article{lane1985byssus,
  title={Byssus drifting and the drifting threads of the young post-larval mussel Mytilus edulis},
  author={Lane, DJW and Beaumont, AR and Hunter, JR},
  journal={Marine Biology},
  volume={84},
  pages={301--308},
  year={1985},
  publisher={Springer}
}


@article{bayne1964primary,
  title={Primary and secondary settlement in Mytilus edulis L.(Mollusca)},
  author={Bayne, BL},
  journal={The Journal of Animal Ecology},
  pages={513--523},
  year={1964},
  publisher={JSTOR}
}


@article{price1982analysis,
  title={An analysis of factors determining seasonal variation in the byssal attachment strength of Mytilus edulis},
  author={Price, HA},
  journal={Journal of the Marine Biological Association of the United Kingdom},
  volume={62},
  number={1},
  pages={147--155},
  year={1982},
  publisher={Cambridge University Press}
}

@article{gosling2015phylogeny,
  title={Phylogeny and evolution of bivalve molluscs},
  author={Gosling, E},
  journal={Marine Bivalve Molluscs; John Wiley \& Sons, Ltd.: Hoboken, NJ, USA},
  pages={1--11},
  year={2015}
}


@article{cheung2009anti,
  title={Anti-predator behaviour in the green-lipped mussel Perna viridis: byssus thread production depends on the mussel’s position in clump},
  author={Cheung, Siu Gin and Yang, Fung Yin and Chiu, JMY and Liu, CC and Shin, PKS},
  journal={Marine Ecology Progress Series},
  volume={378},
  pages={145--151},
  year={2009}
}

@article{khalaman2015clumping,
  title={Clumping behavior and byssus production as strategies for substrate competition in Mytilus edulis},
  author={Khalaman, Vyacheslav V and Lezin, Peter A},
  journal={Invertebrate biology},
  volume={134},
  number={1},
  pages={38--47},
  year={2015},
  publisher={Wiley Online Library}
}


@article{petraitis1987immobilization,
  title={Immobilization of the predatory gastropod, Nucella lapillus, by its prey, Mytilus edulis},
  author={Petraitis, Peter S},
  journal={The Biological Bulletin},
  volume={172},
  number={3},
  pages={307--314},
  year={1987},
  publisher={Marine Biological Laboratory}
}


@article{Riginos2005,
author = {Riginos, C and Cunningham, C W},
journal = {Molecular Ecology},
number = {2},
pages = {381--400},
pmid = {15660932},
publisher = {Wiley Online Library},
title = {{Local adaptation and species segregation in two mussel ({\it Mytilus edulis} x {\it Mytilus trossulus}) hybrid zones.}},
url = {http://www.ncbi.nlm.nih.gov/pubmed/15660932},
volume = {14},
year = {2005}
}



@article{vainola2011mytilus,
  title={{{\it Mytilus trossulus} in northern {Europe}}},
  author={V{\"a}in{\"o}l{\"a}, Risto and Strelkov, Petr},
  journal={Marine Biology},
  volume={158},
  number={4},
  pages={817--833},
  year={2011},
  publisher={Springer}
}

@article{michalek2021mytilus,
  title={Mytilus trossulus introgression and consequences for shell traits in longline cultivated mussels},
  author={Michalek, Kati and Vendrami, David LJ and Bekaert, Micha{\"e}l and Green, David H and Last, Kim S and Telesca, Luca and Wilding, Thomas A and Hoffman, Joseph I},
  journal={Evolutionary applications},
  volume={14},
  number={7},
  pages={1830--1843},
  year={2021},
  publisher={Wiley Online Library}
}


@article{smeathers1979mechanical,
  title={Mechanical properties of mussel byssus threads},
  author={Smeathers, JE and Vincent, JFV},
  journal={Journal of Molluscan Studies},
  volume={45},
  number={2},
  pages={219--230},
  year={1979},
  publisher={The Malacological Society of London}
}


@article{tamarin1976structure,
  title={The structure and formation of the byssus attachment plaque in Mytilus},
  author={Tamarin, Arnold and Lewis, Pathicia and Askey, Joan},
  journal={Journal of morphology},
  volume={149},
  number={2},
  pages={199--221},
  year={1976},
  publisher={Wiley Online Library}
}

@article{roberts2021resource,
  title={Resource allocation to a structural biomaterial: Induced production of byssal threads decreases growth of a marine mussel},
  author={Roberts, Emily A and Newcomb, Laura A and McCartha, Michelle M and Harrington, Katie J and LaFramboise, Sam A and Carrington, Emily and Sebens, Kenneth P},
  journal={Functional Ecology},
  volume={35},
  number={6},
  pages={1222--1239},
  year={2021},
  publisher={Wiley Online Library}
}


@article{sebens2018estimation,
  title={Estimation of fitness from energetics and life-history data: An example using mussels},
  author={Sebens, Kenneth P and Sar{\`a}, Gianluca and Carrington, Emily},
  journal={Ecology and Evolution},
  volume={8},
  number={11},
  pages={5279--5290},
  year={2018},
  publisher={Wiley Online Library}
}


@article{lachance2008biotic,
  title={Biotic and abiotic factors influencing attachment strength of blue mussels Mytilus edulis in suspended culture},
  author={Lachance, AA and Myrand, B and Tremblay, R and Koutitonsky, V and Carrington, E},
  journal={Aquatic Biology},
  volume={2},
  number={2},
  pages={119--129},
  year={2008}
}



@article{katolikova2016genetic,
  author    = {Katolikova, Marina and Khaitov, Vadim and V{\"a}in{\"o}l{\"a}, Risto and Gantsevich, Michael and Strelkov, Petr},
  journal   = {PLoS One},
  title     = {{Genetic, ecological and morphological distinctness of the blue mussels {\it Mytilus trossulus} Gould and {\it M. edulis} L. in the {White Sea}}},
  year      = {2016},
  number    = {4},
  volume    = {11},
  pages = {e0152963}, 
  publisher = {Public Library of Science},
}

@article{carvallo2024responses,
  title={Responses of the mussel Perumytilus purpuratus (Bivalvia, Mytilidae) to hydrodynamic conditions and the presence of predators},
  author={Carvallo, Mabel A and Riera, Rodrigo and Brante, Antonio},
  journal={Latin American Journal of Aquatic Research},
  volume={52},
  number={5},
  pages={703--712},
  year={2024}
}


@article{Khaitov2021,
author = {Khaitov, Vadim and Marchenko, Julia and Katolikova, Marina and V{\"{a}}in{\"{o}}l{\"{a}}, Risto and Kingston, Sarah E. and Carlon, David B. and Gantsevich, Michael and Strelkov, Petr},
doi = {10.1371/journal.pone.0249587},
file = {:D\:/Text/Listlit/Sorted/Mytilus/Khaitov et al 2021 Morphotype test.pdf:pdf},
isbn = {1111111111},
issn = {19326203},
journal = {PLoS ONE},
keywords = {Mytilus SDM paper,MytredSDM},
mendeley-tags = {MytredSDM,Mytilus SDM paper},
number = {July},
pages = {1--27},
pmid = {34297723},
title = {{Species identification based on a semi-diagnostic marker: Evaluation of a simple conchological test for distinguishing blue mussels {\it Mytilus edulis} L. and {\it M. trossulus} Gould}},
volume = {16},
year = {2021}
}


@article{beaumont2008three,
  title={Three species of Mytilus and their hybrids identified in a Scottish Loch: natives, relicts and invaders?},
  author={Beaumont, Andy R and Hawkins, Marie P and Doig, Fiona L and Davies, Ian M and Snow, Michael},
  journal={Journal of Experimental Marine Biology and Ecology},
  volume={367},
  number={2},
  pages={100--110},
  year={2008},
  publisher={Elsevier}
}

@article{lowen2013predator,
  title={Predator-induced defenses differ between sympatric Mytilus edulis and M. trossulus},
  author={Lowen, JB and Innes, DJ and Thompson, RJ},
  journal={Marine Ecology Progress Series},
  volume={475},
  pages={135--143},
  year={2013}
}

