@article{Krasavtsev2011,
  title={{Foreign trade of Russia through the ports of the White Sea in the early twentieth century}},
  author={Krasavtsev, Lev Borisovitch},
  journal={{Vestnik Severnogo (Arkticheskogo) federal'nogo universiteta. Seriya: Gumanitarnye i social'nye nauki}},
  number={3},
  pages={17--24},
  year={2011}
}


@book{Locija1932,
address = {Leningrad},
edition = {5},
editor = {Rozhdestvensky, A. N.},
pages = {1 -- 566},
publisher = {Izdanie Gidrograficheskogo upravleniya},
title = {{Sailing directions of the White Sea}},
url = {https://www.aonb.ru/books/1347-locia-belogo-mora.html},
year = {1932}
}


@incollection{Khublaryan2009,
address = {Oxford},
author = {Khublaryan, MG},
booktitle = {Types and Properties of Waters},
editor = {Khublaryan, MG},
pages = {79--94},
publisher = {Eolss Publishers Co, Ltd.},
title = {{Surface waters: rivers, streams, lakes, and wetlands}},
year = {2009}
}

@article{fox1992,
  title={Generalized collinearity diagnostics},
  author={Fox, John and Monette, Georges},
  journal={Journal of the American Statistical Association},
  volume={87},
  number={417},
  pages={178--183},
  year={1992},
  publisher={Taylor \& Francis}
}


@article{fielding1997review,
  title={A review of methods for the assessment of prediction errors in conservation presence/absence models},
  author={Fielding, Alan H and Bell, John F},
  journal={Environmental conservation},
  volume={24},
  number={1},
  pages={38--49},
  year={1997},
  publisher={Cambridge University Press}
}

@article{gardner1996mytilus,
  title={{The Mytilus edulis species complex in southwest England: effects of hybridization and introgression upon interlocus associations and morphometric variation}},
  author={Gardner, JPA},
  journal={Marine Biology},
  volume={125},
  pages={385--399},
  year={1996},
  publisher={Springer}
}


@article{varvio1988evolutionary,
  title={{Evolutionary genetics of the Mytilus edulis complex in the North Atlantic region}},
  author={Varvio, S -L and Koehn, Richard K and V{\"a}in{\"o}l{\"a}, $\backslash$ R},
  journal={Marine Biology},
  volume={98},
  pages={51--60},
  year={1988},
  publisher={Springer}
}

@article{riginos2005invited,
  title={Invited review: local adaptation and species segregation in two mussel (Mytilus edulis$\times$ Mytilus trossulus) hybrid zones},
  author={Riginos, Cynthia and Cunningham, Clifford W},
  journal={Molecular ecology},
  volume={14},
  number={2},
  pages={381--400},
  year={2005},
  publisher={Wiley Online Library}
}

@article{hilbish2000origin,
  title={{Origin of the antitropical distribution pattern in marine mussels (Mytilus spp.): routes and timing of transequatorial migration}},
  author={Hilbish, Thomas J and Mullinax, A and Dolven, Sarah Ingrid and Meyer, Axel and Koehn, Richard K and Rawson, Paul D},
  journal={Marine Biology},
  volume={136},
  pages={69--77},
  year={2000},
  publisher={Springer}
}

@article{brooks2013distribution,
  title={{The distribution of the mussel Mytilus species along the Norwegian coast}},
  author={Brooks, Steven J and Farmen, Eivind},
  journal={Journal of Shellfish Research},
  volume={32},
  number={2},
  pages={265--270},
  year={2013},
  publisher={BioOne}
}

@article{vainola1991genetic,
  title={Genetic divergence and a hybrid zone between Baltic and North Sea Mytilus populations (Mytilidae: Mollusca)},
  author={V{\"a}in{\"o}l{\"a}, R and Hvilsom, MM},
  journal={Biological Journal of the Linnean Society},
  volume={43},
  number={2},
  pages={127--148},
  year={1991},
  publisher={Oxford University Press}
}




