% Encoding: UTF-8

@Article{riginos2005invited,
  author    = {Riginos, Cynthia and Cunningham, Clifford W},
  journal   = {Mol Ecol},
  title     = {Invited review: local adaptation and species segregation in two mussel ({\it Mytilus edulis} $\times$ {\it Mytilus trossulus}) hybrid zones},
  year      = {2005},
  number    = {2},
  pages     = {381--400},
  volume    = {14},
  publisher = {Wiley Online Library},
}

@Article{vainola2011mytilus,
  author    = {V{\"a}in{\"o}l{\"a}, Risto and Strelkov, Petr},
  journal   = {Mar Biol},
  title     = {{\it Mytilus trossulus} in northern {Europe}},
  year      = {2011},
  number    = {4},
  pages     = {817--833},
  volume    = {158},
  publisher = {Springer},
}

@Article{rawson2009colonization,
  author    = {Rawson, Paul D and Harper, Fiona M},
  journal   = {Mar Biol},
  title     = {Colonization of the northwest {Atlantic} by the blue mussel, {\it Mytilus trossulus} postdates the last glacial maximum},
  year      = {2009},
  number    = {9},
  pages     = {1857--1868},
  volume    = {156},
  publisher = {Springer},
}

@Article{wenne2016first,
  author    = {Wenne, R and Bach, Lis and Zbawicka, M and Strand, Jakob and McDonald, JH},
  journal   = {Polar Biol},
  title     = {A first report on coexistence and hybridization of {\it Mytilus trossulus} and {\it M. edulis} mussels in {Greenland}},
  year      = {2016},
  number    = {2},
  pages     = {343--355},
  volume    = {39},
  publisher = {Springer},
}

@article{wenne2020trans,
  title={Trans-{Atlantic} Distribution and Introgression as Inferred from Single Nucleotide Polymorphism: Mussels {\it Mytilus} and Environmental Factors},
  author={Wenne, Roman and Zbawicka, Ma{\l}gorzata and Bach, Lis and Strelkov, Petr and Gantsevich, Mikhail and Kukli{\'n}ski, Piotr and Kijewski, Tomasz and McDonald, John H and Sundsaasen, Kristil Kindem and {\'A}rnyasi, Mariann and others},
  journal={Genes},
  volume={11},
  number={5},
  pages={530},
  year={2020},
  publisher={Multidisciplinary Digital Publishing Institute}
}

@Article{mcdonald1991allozymes,
  author    = {McDonald, JH and Seed, R and Koehn, RK},
  journal   = {Mar Biol},
  title     = {Allozymes and morphometric characters of three species of {\it Mytilus} in the Northern and Southern Hemispheres},
  year      = {1991},
  number    = {3},
  pages     = {323--333},
  volume    = {111},
  publisher = {Springer},
}

@Article{mallet1995comparative,
  author    = {Mallet, Andr{\'e} L and Carver, Claire E},
  journal   = {Can J Fish Aquat Sci},
  title     = {Comparative growth and survival patterns of {\it Mytilus trossulus} and {\it Mytilus edulis} in {Atlantic Canada}},
  year      = {1995},
  number    = {9},
  pages     = {1873--1880},
  volume    = {52},
  publisher = {NRC Research Press},
}

@Article{innes1999morphological,
  author    = {Innes, DJ and Bates, JA},
  journal   = {Mar Biol},
  title     = {Morphological variation of {\it Mytilus edulis} and {\it Mytilus trossulus} in eastern {Newfoundland}},
  year      = {1999},
  number    = {4},
  pages     = {691--699},
  volume    = {133},
  publisher = {Springer},
}

@Article{telesca2018blue,
  author    = {Telesca, Luca and Michalek, Kati and Sanders, Trystan and Peck, Lloyd S and Thyrring, Jakob and Harper, Elizabeth M},
  journal   = {Sci Rep},
  title     = {Blue mussel shell shape plasticity and natural environments: a quantitative approach},
  year      = {2018},
  number    = {1},
  pages     = {2865},
  volume    = {8},
  publisher = {Nature Publishing Group},
}

@article{seed1992population,
  title={Population and community ecology of {Mytilus}},
  author={Seed, Raymond and Suchanek, Thomas H},
  journal={The mussel Mytilus: ecology, physiology, genetics and culture},
  volume={25},
  pages={87--170},
  year={1992},
  publisher={Elsevier Amsterdam}
}

@Article{larrain2019comparison,
  author    = {Larra{\'\i}n, Mar{\'\i}a Ang{\'e}lica and Gonz{\'a}lez, P{\'\i}a and P{\'e}rez, Claudio and Araneda, Cristi{\'a}n},
  journal   = {Sci Rep},
  title     = {Comparison between single and multi-locus approaches for specimen identification in {\it Mytilus} mussels},
  year      = {2019},
  number    = {1},
  pages     = {1--13},
  volume    = {9},
  publisher = {Nature Publishing Group},
}


@article{mangerud2018holocene,
  title={The holocene thermal maximum around {Svalbard}, {Arctic North Atlantic}: molluscs show early and exceptional warmth},
  author={Mangerud, Jan and Svendsen, John Inge},
  journal={The Holocene},
  volume={28},
  number={1},
  pages={65--83},
  year={2018},
  publisher={SAGE Publications Sage UK: London, England}
}

@Article{katolikova2016genetic,
  author    = {Katolikova, Marina and Khaitov, Vadim and V{\"a}in{\"o}l{\"a}, Risto and Gantsevich, Michael and Strelkov, Petr},
  journal   = {PLoS One},
  title     = {Genetic, ecological and morphological distinctness of the blue mussels {\it Mytilus trossulus} Gould and {\it M. edulis} L. in the {White Sea}},
  year      = {2016},
  number    = {4},
  volume    = {11},
  publisher = {Public Library of Science},
}

@Article{michalek2016mytilus,
  author    = {Michalek, K and Ventura, A and Sanders, Trystan},
  journal   = {Mar Geonomics},
  title     = {{\it Mytilus} hybridisation and impact on aquaculture: a minireview},
  year      = {2016},
  pages     = {3--7},
  volume    = {27},
  publisher = {Elsevier},
}

@Article{beyer2017blue,
  author    = {Beyer, Jonny and Green, Norman W and Brooks, Steven and Allan, Ian J and Ruus, Anders and Gomes, T{\^a}nia and Br{\aa}te, Inger Lise N and Sch{\o}yen, Merete},
  journal   = {Mar Environ Res},
  title     = {Blue mussels ({\it Mytilus edulis} spp.) as sentinel organisms in coastal pollution monitoring: a review},
  year      = {2017},
  pages     = {338--365},
  volume    = {130},
  publisher = {Elsevier},
}

@Article{lobel1990recent,
  author    = {Lobel, PB and Belkhode, SP and Jackson, SE and Longerich, HP},
  journal   = {Arch Environ Contam Toxicol},
  title     = {Recent taxonomic discoveries concerning the mussel {\it Mytilus}: Implications for biomonitoring},
  year      = {1990},
  number    = {4},
  pages     = {508--512},
  volume    = {19},
  publisher = {Springer},
}

@Article{beaumont2008three,
  author    = {Beaumont, Andy R and Hawkins, Marie P and Doig, Fiona L and Davies, Ian M and Snow, Michael},
  journal   = {J Exp Mar Biol Ecol},
  title     = {Three species of {\it Mytilus} and their hybrids identified in a {Scottish} Loch: natives, relicts and invaders?},
  year      = {2008},
  number    = {2},
  pages     = {100--110},
  volume    = {367},
  publisher = {Elsevier},
}

@article{dias2011survey,
  title={Survey and management of mussel {\it Mytilus} species in Scotland},
  author={Dias, Patricia Joanna and Piertney, Stuart B and Snow, Mike and Davies, Ian M},
  journal={Hydrobiologia},
  volume={670},
  number={1},
  pages={127},
  year={2011},
  publisher={Springer}
}

@Article{penney2002comparative,
  author    = {Penney, R W and Hart, M J and Templeman, N},
  journal   = {Aquacult Res},
  title     = {Comparative growth of cultured blue mussels, {\it Mytilus edulis}, {\it M. trossulus} and their hybrids, in naturally occurring mixed-species stocks},
  year      = {2002},
  number    = {9},
  pages     = {693--702},
  volume    = {33},
  publisher = {Wiley Online Library},
}

@article{khaitov2018discriminating,
  title={Discriminating Eaters: Sea Stars {\it Asterias rubens} L. Feed Preferably on {\it Mytilus trossulus} Gould in Mixed Stocks of {\it Mytilus trossulus} and {Mytilus edulis} L.},
  author={Khaitov, Vadim and Makarycheva, Anna and Gantsevich, Mikhail and Lentsman, Natalia and Skazina, Maria and Gagarina, Anastasia and Katolikova, Marina and Strelkov, Petr},
  journal={The Biological Bulletin},
  volume={234},
  number={2},
  pages={85--95},
  year={2018},
  publisher={University of Chicago Press Chicago, IL}
}

@article{padial2010integrative,
  title={The integrative future of taxonomy},
  author={Padial, Jos{\'e} M and Miralles, Aur{\'e}lien and De la Riva, Ignacio and Vences, Miguel},
  journal={Frontiers in zoology},
  volume={7},
  number={1},
  pages={16},
  year={2010},
  publisher={BioMed Central}
}

@Article{banoo2007evaluation,
  author    = {Banoo, Shabir and Bell, David and Bossuyt, Patrick and Herring, Alan and Mabey, David and Poole, Freddie and Smith, Peter G and Sriram, N and Wongsrichanalai, Chansuda and Linke, Ralf and others},
  journal   = {Nat Rev Microbiol},
  title     = {Evaluation of diagnostic tests for infectious diseases: general principles},
  year      = {2007},
  number    = {11},
  pages     = {S21--S31},
  volume    = {5},
  publisher = {Nature Publishing Group},
}

@article{derjugin1928fauna,
  title={Fauna of the {White Sea} and the environmental conditions of its existence (in {R}ussian)},
  author={Derjugin, KM},
  journal={Explorations of the Fauna of the Seas of the {USSR}, Leningrad},
  volume={78},
  pages={512},
  year={1928}
}

@article{derjugin1915fauna,
  title={Fauna of the {Kola Bay} and conditions of its existence (in {Russian} )},
  author={Derjugin, KM},
  journal={M{\'e}moires de lâ€™Acad{\'e}mie Imp{\'e}riale des Sciences, ser. 8, classe physico-math{\'e}matique},
  volume={34},
  number={1},
  pages={1--929},
  year={1915}
}


@article{bobkov2010tidal,
  title={Tidal variability of oceanological conditions of submarine landscapes on sublittoral of the Inlet {Ivanovskaya}},
  author={Bobkov, AA and Strelkov, PP and Il'Ina, AN},
  journal={Vestnik Sankt-Peterburgskogo Universiteta, Seriya Geologiya i Geografiya},
  volume={2010},
  number={1},
  pages={86--99},
  year={2010},
  publisher={Saint-Petersburg State University}
}

@article{kingston2018linking,
  title={Linking genotype to phenotype in a changing ocean: inferring the genomic architecture of a blue mussel stress response with genome-wide association},
  author={Kingston, SE and Martino, P and Melendy, M and Reed, FA and Carlon, DB},
  journal={Journal of Evolutionary Biology},
  volume={31},
  number={3},
  pages={346--361},
  year={2018},
  publisher={Wiley Online Library}
}

@article{martino2019blue,
  title={Blue Mussel (Genus {\it Mytilus}) Transcriptome Response to Simulated Climate Change in the {Gulf of Maine}},
  author={Martino, Pieter A and Carlon, David B and Kingston, Sarah E},
  journal={Journal of Shellfish Research},
  volume={38},
  number={3},
  pages={587--602},
  year={2019},
  publisher={BioOne}
}

@Article{strelkov2017temporal,
  author    = {Strelkov, Petr and Katolikova, Marina and V{\"a}inol{\"a}, Risto},
  journal   = {Mar Biol},
  title     = {Temporal change of the Baltic Sea--North Sea blue mussel hybrid zone over two decades},
  year      = {2017},
  number    = {11},
  pages     = {214},
  volume    = {164},
  publisher = {Springer},
}

@article{pritchard2000inference,
  title={Inference of population structure using multilocus genotype data},
  author={Pritchard, Jonathan K and Stephens, Matthew and Donnelly, Peter},
  journal={Genetics},
  volume={155},
  number={2},
  pages={945--959},
  year={2000},
  publisher={Genetics Soc America}
}

@article{raj2014faststructure,
  title={{fastSTRUCTURE}: variational inference of population structure in large {SNP} data sets},
  author={Raj, Anil and Stephens, Matthew and Pritchard, Jonathan K},
  journal={Genetics},
  volume={197},
  number={2},
  pages={573--589},
  year={2014},
  publisher={Genetics Soc America}
}

@Article{ridgway2004genotypes,
  author    = {Ridgway, G and N{\ae}vdal, G},
  journal   = {Helgol Mar Res},
  title     = {Genotypes of {\it Mytilus} from waters of different salinity around {Bergen}, {Norway}},
  year      = {2004},
  number    = {2},
  pages     = {104},
  volume    = {58},
  publisher = {BioMed Central},
}

@Article{dias2009mytilus,
  author    = {Dias, PJ and Bland, M and Shanks, AM and Beaumont, A and Piertney, SB and Davies, IM and Snow, M},
  journal   = {Aquacult Int},
  title     = {{\it Mytilus} species under rope culture in {Scotland}: implications for management},
  year      = {2009},
  number    = {5},
  pages     = {437--448},
  volume    = {17},
  publisher = {Springer},
}

@Article{simon2020replicated,
  author    = {Simon, Alexis and Arbiol, Christine and Nielsen, Einar Eg and Couteau, J{\'e}r{\^o}me and Sussarellu, Rossana and Burgeot, Thierry and Bernard, Isma{\"e}l and Coolen, Joop WP and Lamy, Jean-Baptiste and Robert, St{\'e}phane and others},
  journal   = {Evol Appl},
  title     = {Replicated anthropogenic hybridisations reveal parallel patterns of admixture in marine mussels},
  year      = {2020},
  number    = {3},
  pages     = {575--599},
  volume    = {13},
  publisher = {Wiley Online Library},
}

@Article{leeflang2009diagnostic,
  author    = {Leeflang, Mariska MG and Bossuyt, Patrick MM and Irwig, Les},
  journal   = {J Clin Epidemiol},
  title     = {Diagnostic test accuracy may vary with prevalence: implications for evidence-based diagnosis},
  year      = {2009},
  number    = {1},
  pages     = {5--12},
  volume    = {62},
  publisher = {Elsevier},
}

@article{leeflang2013variation,
  title={Variation of a testâ€™s sensitivity and specificity with disease prevalence},
  author={Leeflang, Mariska MG and Rutjes, Anne WS and Reitsma, Johannes B and Hooft, Lotty and Bossuyt, Patrick MM},
  journal={Cmaj},
  volume={185},
  number={11},
  pages={E537--E544},
  year={2013},
  publisher={Can Med Assoc}
}

@article{geist2008use,
  title={Use of mollusc shells for {DNA}-based molecular analyses},
  author={Geist, Juergen and Wunderlich, Heike and Kuehn, Ralph},
  journal={Journal of Molluscan Studies},
  volume={74},
  number={4},
  pages={337--343},
  year={2008},
  publisher={Oxford University Press}
}

@article{der2020unveiling,
  title={Unveiling the ecological applications of ancient {DNA} from mollusk shells},
  author={Der Sarkissian, Clio and M{\"o}ller, Per and Hofman,  Courtney and Ils{\o}e, Peter and Rick, Torben and Schi{\o}tte, Tom and Vinther S{\o}rensen, Martin and Dal{\'e}n, Love and Orlando, Ludovic},
  journal={Frontiers in Ecology and Evolution},
  volume={8},
  pages={1--21},
  year={2020},
  publisher={Frontiers}
}

@Article{zolotarev1997relations,
  author    = {Zolotarev, VN and Shurova, NM},
  journal   = {Russ J Mar Biol},
  title     = {Relations of prismatic and nacreous layers in the shells of the mussel {\it Mytilus trossulus}},
  year      = {1997},
  number    = {1},
  pages     = {26--31},
  volume    = {23},
  publisher = {New York, NY: Plenum Pub. Corp., 1992-},
}

@Article{fraisse2016local,
  author    = {Fra{\"\i}sse, Christelle and Belkhir, Khalid and Welch, John J and Bierne, Nicolas},
  journal   = {Mol Ecol},
  title     = {Local interspecies introgression is the main cause of extreme levels of intraspecific differentiation in mussels},
  year      = {2016},
  number    = {1},
  pages     = {269--286},
  volume    = {25},
  publisher = {Wiley Online Library},
}

@Article{smietanka2017disruption,
  author    = {{\'S}mietanka, Beata and Burzy{\'n}ski, Artur},
  journal   = {Mar Biol},
  title     = {Disruption of doubly uniparental inheritance of mitochondrial {DNA} associated with hybridization area of {European} {\it Mytilus edulis} and {\it Mytilus trossulus} in {Norway}},
  year      = {2017},
  number    = {11},
  pages     = {209},
  volume    = {164},
  publisher = {Springer},
}

@article{wenne2020trans,
  title={Trans-atlantic distribution and introgression as inferred from single nucleotide polymorphism: mussels {\it Mytilus} and environmental factors},
  author={Wenne, Roman and Zbawicka, Ma{\l}gorzata and Bach, Lis and Strelkov, Petr and Gantsevich, Mikhail and Kukli{\'n}ski, Piotr and Kijewski, Tomasz and McDonald, John H and Sundsaasen, Kristil Kindem and {\'A}rnyasi, Mariann and others},
  journal={Genes},
  volume={11},
  number={5},
  pages={530},
  year={2020},
  publisher={Multidisciplinary Digital Publishing Institute}
}

@article{simon2019local,
  title={Local introgression at two spatial scales in mosaic hybrid zones of mussels},
  author={Simon, Alexis and Fra{\"\i}sse, Christelle and El Ayari, Tahani and Liautard-Haag, Cathy and Strelkov, Petr and Welch, John J and Bierne, Nicolas},
  journal={BioRxiv},
  pages={818559},
  year={2019},
  publisher={Cold Spring Harbor Laboratory}
}

@Article{currey1974mechanical,
  author    = {Currey, JD and Taylor, JD},
  journal   = {J Zool},
  title     = {The mechanical behaviour of some molluscan hard tissues},
  year      = {1974},
  number    = {3},
  pages     = {395--406},
  volume    = {173},
  publisher = {Wiley Online Library},
}

@article{steinacher2009imminent,
  title={Imminent ocean acidification in the {Arctic} projected with the {NCAR} global coupled carbon cycle-climate model},
  author={Steinacher, Marco and Joos, Fortunat and Fr{\"o}licher, Thomas Lukas and Plattner, Gian-Kasper and Doney, Scott C},
  journal={Biogeosciences},
  volume={6},
  number={4},
  pages={515--533},
  year={2009},
  publisher={Copernicus}
}

@article{zenkevitch1963biology,
  title={Biology of the seas of the {USSR} George Allen \& Unwin Ltd},
  author={Zenkevitch, L},
  journal={London, UK},
  year={1963}
 }

@article{bufalova2005mytilus,
  title={{\it Mytilus} of the {Tuva Bay} ({Kola Bay, Barents Sea})},
  author={Bufalova, EN and Strelkov, PP and Katolikova, MV and Sukhotin, AA and Kozin, MB},
  journal={Vestnik SPBGU},
  volume={3},
  pages={99--105},
  year={2005}
}

@Article{seed1992population,
  author    = {Seed, Raymond and Suchanek, Thomas H},
  journal   = {The mussel Mytilus: ecology, physiology, genetics and culture},
  title     = {Population and community ecology of {\it Mytilus}},
  year      = {1992},
  pages     = {87--170},
  volume    = {25},
  publisher = {Elsevier Amsterdam},
}

@Article{duarte2020dense,
  author    = {Duarte, Carlos M and Rodriguez-Navarro, Alejandro B and Delgado-Huertas, Antonio and Krause-Jensen, Dorte},
  journal   = {Estuaries Coasts},
  title     = {Dense {\it Mytilus} Beds Along Freshwater-Influenced $Greenland$ Shores: Resistance to Corrosive Waters Under High Food Supply},
  year      = {2020},
  number    = {2},
  pages     = {387--395},
  volume    = {43},
  publisher = {Springer},
}

@Article{melzner2011food,
  author    = {Melzner, Frank and Stange, Paul and Tr{\"u}benbach, Katja and Thomsen, J{\"o}rn and Casties, Isabel and Panknin, Ulrike and Gorb, Stanislav N and Gutowska, Magdalena A},
  journal   = {PloS One},
  title     = {Food supply and seawater $p CO_2$ impact calcification and internal shell dissolution in the blue mussel {\it Mytilus edulis}},
  year      = {2011},
  number    = {9},
  pages     = {e24223},
  volume    = {6},
  publisher = {Public Library of Science},
}

@Article{bates1995genetic,
  author    = {Bates, JA and Innes, DJ},
  journal   = {Mar Biol},
  title     = {Genetic variation among populations of {\it Mytilus} spp. in eastern {Newfoundland}},
  year      = {1995},
  number    = {3},
  pages     = {417--424},
  volume    = {124},
  publisher = {Springer},
}

@Article{rawson2001species,
  author    = {Rawson, Paul D and Hayhurst, Susan and Vanscoyoc, Brook},
  journal   = {Journal of Shellfish Research},
  title     = {Species composition of blue mussel populations in the northeastern {Gulf of Maine}},
  year      = {2001},
  number    = {1},
  pages     = {31--38},
  volume    = {20},
  publisher = {NATL SHELLFISHERIES ASSOC C/O DR. SANDRA E. SHUMWAY, NATURAL SCIENCE~â€¦},
}

@Article{stuckas2017combining,
  author    = {Stuckas, Heiko and Kn{\"o}bel, Loreen and Schade, Hanna and Breusing, Corinna and Hinrichsen, Hans-Harald and Bartel, Manuela and Langguth, Klaudia and Melzner, Frank},
  journal   = {Mol Ecol},
  title     = {Combining hydrodynamic modelling with genetics: can passive larval drift shape the genetic structure of {Baltic} {\it Mytilus} populations?},
  year      = {2017},
  number    = {10},
  pages     = {2765--2782},
  volume    = {26},
  publisher = {Wiley Online Library},
}

@article{vervoenen2000mytilus,
  title={Mytilus antiquorum J. Sowerby, 1821 and other Pliocene mussels ({Mollusca}, {Bivalvia}) from the {Southern North Sea Basin}},
  author={Vervoenen, M and Wesselingh, FP and van Nieulande, FAD},
  journal={Mededelingen van de Werkgroep voor Tertiaire en Kwartaire Geologie},
  volume={37},
  number={3/4},
  pages={73--81},
  year={2000}
}

@Article{wiens2000species,
  author    = {Wiens, John J and Servedio, Maria R},
  journal   = {Proc R Soc Lond B Biol Sci},
  title     = {Species delimitation in systematics: inferring diagnostic differences between species},
  year      = {2000},
  number    = {1444},
  pages     = {631--636},
  volume    = {267},
  publisher = {The Royal Society},
}

@Article{riginos2005invited,
  author    = {Riginos, Cynthia and Cunningham, Clifford W},
  journal   = {Mol Ecol},
  title     = {Invited review: local adaptation and species segregation in two mussel ({\it Mytilus edulis} $\times$ {\it Mytilus trossulus}) hybrid zones},
  year      = {2005},
  number    = {2},
  pages     = {381--400},
  volume    = {14},
  publisher = {Wiley Online Library},
}

@Article{wilson2018new,
  author    = {Wilson, Joanna and Matejusova, Iveta and McIntosh, Rebecca E and Carboni, Stefano and Bekaert, Micha{\"e}l},
  journal   = {PloS One},
  title     = {New diagnostic {SNP} molecular markers for the {\it Mytilus} species complex},
  year      = {2018},
  number    = {7},
  pages     = {e0200654},
  volume    = {13},
  publisher = {Public Library of Science San Francisco, CA USA},
}

@article{amadon1949seventy,
  title={The seventy-five per cent rule for subspecies},
  author={Amadon, Dean},
  journal={The Condor},
  volume={51},
  number={6},
  pages={250--258},
  year={1949},
  publisher={JSTOR}
}

@incollection{chenuil2019problems,
  title={Problems and questions posed by cryptic species. A framework to guide future studies},
  author={Chenuil, Anne and Cahill, Abigail E and D{\'e}l{\'e}montey, Numa and du Luc, Elrick Du Salliant and Fanton, Hadrien},
  booktitle={From Assessing to Conserving Biodiversity},
  pages={77--106},
  year={2019},
  publisher={Springer, Cham}
}

@article{fitzpatrick2015hybridization,
  title={Hybridization and the species problem in conservation},
  author={Fitzpatrick, Benjamin M and Ryan, Maureen E and Johnson, Jarrett R and Corush, Joel and Carter, Evin T},
  journal={Current Zoology},
  volume={61},
  number={1},
  pages={206--216},
  year={2015},
  publisher={Oxford University Press Oxford, UK}
}


  @Manual{R_2019,
    title = {R: A Language and Environment for Statistical Computing},
    author = {{R Core Team}},
    organization = {R Foundation for Statistical Computing},
    address = {Vienna, Austria},
    year = {2019},
    url = {https://www.R-project.org/},
  }


@article{Zolotar2002,
  title={Morphological differences in mussels from {\it Mytilus edulis} group (in {Russian} )},
  author={Zolotarev, VN},
  journal={Vestnik Zhitomerskogo pedagogicheskogo universiteta},
  volume={10},
  pages={5--8},
  year={2002}
}

@book{Oil2018,
	location = {Saint Petersburg},
 title={{Kola Bay} and Oil: Biota, Vulnerability Maps, Pollution},
editor = {Shavykin, AA},
	date = {2018}
}

@book{FAO202,
	location = {Rome. Italy},
 title={Fisheries and aquaculture software. {FishStatJ} â€” software for fishery statistical time series},
  author={FAO},	
url = {http://www.fao.org/fishery/statistics/software/fishstatj/en.},
	date = {2020}
}


@Article{lme4,
    title = {Fitting Linear Mixed-Effects Models Using {lme4}},
    author = {Douglas Bates and Martin M{\"a}chler and Ben Bolker and Steve Walker},
    journal = {Journal of Statistical Software},
    year = {2015},
    volume = {67},
    number = {1},
    pages = {1--48},
    doi = {10.18637/jss.v067.i01},
  }

@Article{nakagawa_general_2013,
  author       = {Nakagawa, Shinichi and Schielzeth, Holger},
  title        = {A general and simple method for obtaining \textit{R} $^{\textrm{2}}$ from generalized linear mixed-effects models},
  issn         = {2041210X},
  number       = {2},
  pages        = {133--142},
  volume       = {4},
  date         = {2013-02},
  doi          = {10.1111/j.2041-210x.2012.00261.x},
  editor       = {O'Hara, Robert B.},
  file         = {Nakagawa Schielzeth 2012 Rsq for GLMM.pdf:C\:\\Users\\X200\\AppData\\Roaming\\Zotero\\Zotero\\Profiles\\f9ne3lyw.default\\zotero\\storage\\KFZETP2M\\Nakagawa Schielzeth 2012 Rsq for GLMM.pdf:application/pdf},
  journaltitle = {Methods Ecol Evol},
  keywords     = {Astred English},
  langid       = {english},
  url          = {http://doi.wiley.com/10.1111/j.2041-210x.2012.00261.x},
  urldate      = {2017-03-21},
}

 @Manual{barton_mumin:_2016,
    title = {MuMIn: Multi-Model Inference},
    author = {Kamil Barton},
    year = {2018},
    note = {R package version 1.42.1},
    url = {https://CRAN.R-project.org/package=MuMIn},
  }
}


@book{queen2002experimental,
  title={Experimental design and data analysis for biologists},
  author={Quinn, Gerry P and Keough, Michael J},
  year={2002},
  publisher={Cambridge university press}
}

@Article{varvio1988evolutionary,
  author    = {Varvio, S-L and Koehn, Richard K and V{\"a}in{\"o}l{\"a}, Risto},
  journal   = {Mar Biol},
  title     = {Evolutionary genetics of the {\it Mytilus edulis} complex in the {North Atlantic} region},
  year      = {1988},
  number    = {1},
  pages     = {51--60},
  volume    = {98},
  publisher = {Springer},
}

@Article{lowen_predator-induced_2013,
  author       = {Lowen, Jb and Innes, Dj and Thompson, Rj},
  title        = {Predator-induced defenses differ between sympatric {\it{Mytilus edulis}} and {\it{M. trossulus}}},
  issn         = {0171-8630, 1616-1599},
  pages        = {135--143},
  volume       = {475},
  date         = {2013-02-14},
  doi          = {10.3354/meps10106},
  file         = {Lowen et al 2013 Predator induced defenses differ between sympatric Mytilus edulis and M trossulus (1).pdf:C\:\\Users\\X200\\AppData\\Roaming\\Zotero\\Zotero\\Profiles\\f9ne3lyw.default\\zotero\\storage\\282FW7BG\\Lowen et al 2013 Predator induced defenses differ between sympatric Mytilus edulis and M trossulus (1).pdf:application/pdf},
  journaltitle = {Mar Ecol Prog Ser},
  keywords     = {Astred English, Astred project, edulis, Mytilus, trossulus},
  langid       = {english},
  url          = {http://www.int-res.com/abstracts/meps/v475/p135-143/},
  urldate      = {2015-03-04},
}


@article{bobkov2010tidal,
  title={Tidal variability of oceanological conditions of submarine landscapes on sublittoral of the Inlet Ivanovskaya (in {Russian})},
  author={Bobkov, AA and Strelkov, PP and Il'Ina, AN},
  journal={Vestnik Sankt-Peterburgskogo Universiteta, Seriya Geologiya i Geografiya},
  volume={2010},
  number={1},
  pages={86--99},
  year={2010},
  publisher={Saint-Petersburg University}
}



@misc{matishov2009kola,
  title={Kola Bay: development and rational nature management},
  author={Matishov, GG},
  year={2009},
  publisher={Nauka Press, Moscow}
}

@article{vainola1991genetic,
  title={Genetic divergence and a hybrid zone between Baltic and North Sea Mytilus populations (Mytilidae: Mollusca)},
  author={V{\"a}in{\"o}l{\"a}, R and Hvilsom, MM},
  journal={Biol J Linn Soc},
  volume={43},
  number={2},
  pages={127--148},
  year={1991},
  publisher={Oxford University Press}
}


@article{bierne2003direct,
  title={Direct selection on allozymes is not required to explain heterogeneity among marker loci across a Mytilus hybrid zone},
  author={Bierne, Nicolas and Daguin, Claire and Bonhomme, Fran{\c{c}}ois and David, Patrice and Borsa, Philippe},
  journal={Mol Ecol},
  volume={12},
  number={9},
  pages={2505--2510},
  year={2003},
  publisher={Wiley Online Library}
}


@article{harrington2020inkscape,
  title={Inkscape 0.92},
  author={Harrington, B and Storz, P},
  journal={Online: http://www. inkscape. org},
  year={2020}
}

@Comment{jabref-meta: databaseType:bibtex;}
