@article{riginos2005invited,
  title={Invited review: local adaptation and species segregation in two mussel ({\it Mytilus edulis} $\times$ {\it Mytilus trossulus}) hybrid zones},
  author={Riginos, Cynthia and Cunningham, Clifford W},
  journal={Molecular ecology},
  volume={14},
  number={2},
  pages={381--400},
  year={2005},
  publisher={Wiley Online Library}
}

@article{vainola2011mytilus,
  title={{\it Mytilus trossulus} in northern {Europe}},
  author={V{\"a}in{\"o}l{\"a}, Risto and Strelkov, Petr},
  journal={Marine biology},
  volume={158},
  number={4},
  pages={817--833},
  year={2011},
  publisher={Springer}
}

@article{rawson2009colonization,
  title={Colonization of the northwest {Atlantic} by the blue mussel, {\it Mytilus trossulus} postdates the last glacial maximum},
  author={Rawson, Paul D and Harper, Fiona M},
  journal={Marine Biology},
  volume={156},
  number={9},
  pages={1857--1868},
  year={2009},
  publisher={Springer}
}

@article{wenne2016first,
  title={A first report on coexistence and hybridization of {\it Mytilus trossulus} and {\it M. edulis} mussels in {Greenland}},
  author={Wenne, R and Bach, Lis and Zbawicka, M and Strand, Jakob and McDonald, JH},
  journal={Polar Biology},
  volume={39},
  number={2},
  pages={343--355},
  year={2016},
  publisher={Springer}
}

@article{wenne2020trans,
  title={Trans-{Atlantic} Distribution and Introgression as Inferred from Single Nucleotide Polymorphism: Mussels {\it Mytilus} and Environmental Factors},
  author={Wenne, Roman and Zbawicka, Ma{\l}gorzata and Bach, Lis and Strelkov, Petr and Gantsevich, Mikhail and Kukli{\'n}ski, Piotr and Kijewski, Tomasz and McDonald, John H and Sundsaasen, Kristil Kindem and {\'A}rnyasi, Mariann and others},
  journal={Genes},
  volume={11},
  number={5},
  pages={530},
  year={2020},
  publisher={Multidisciplinary Digital Publishing Institute}
}



@article{mcdonald1991allozymes,
  title={Allozymes and morphometric characters of three species of {\it Mytilus} in the Northern and Southern Hemispheres},
  author={McDonald, JH and Seed, R and Koehn, RK},
  journal={Marine Biology},
  volume={111},
  number={3},
  pages={323--333},
  year={1991},
  publisher={Springer}
}

@article{mallet1995comparative,
  title={Comparative growth and survival patterns of {\it Mytilus trossulus} and {\it Mytilus edulis} in {Atlantic Canada} },
  author={Mallet, Andr{\'e} L and Carver, Claire E},
  journal={Canadian Journal of Fisheries and Aquatic Sciences},
  volume={52},
  number={9},
  pages={1873--1880},
  year={1995},
  publisher={NRC Research Press}
}

@article{innes1999morphological,
  title={Morphological variation of {\it Mytilus edulis} and {\it Mytilus trossulus} in eastern {Newfoundland}},
  author={Innes, DJ and Bates, JA},
  journal={Marine Biology},
  volume={133},
  number={4},
  pages={691--699},
  year={1999},
  publisher={Springer}
}

@article{telesca2018blue,
  title={Blue mussel shell shape plasticity and natural environments: a quantitative approach},
  author={Telesca, Luca and Michalek, Kati and Sanders, Trystan and Peck, Lloyd S and Thyrring, Jakob and Harper, Elizabeth M},
  journal={Scientific reports},
  volume={8},
  number={1},
  pages={2865},
  year={2018},
  publisher={Nature Publishing Group}
}

@article{seed1992population,
  title={Population and community ecology of {Mytilus}},
  author={Seed, Raymond and Suchanek, Thomas H},
  journal={The mussel Mytilus: ecology, physiology, genetics and culture},
  volume={25},
  pages={87--170},
  year={1992},
  publisher={Elsevier Amsterdam}
}

@article{larrain2019comparison,
  title={Comparison between single and multi-locus approaches for specimen identification in {\it Mytilus} mussels},
  author={Larra{\'\i}n, Mar{\'\i}a Ang{\'e}lica and Gonz{\'a}lez, P{\'\i}a and P{\'e}rez, Claudio and Araneda, Cristi{\'a}n},
  journal={Scientific Reports},
  volume={9},
  number={1},
  pages={1--13},
  year={2019},
  publisher={Nature Publishing Group}
}


@article{mangerud2018holocene,
  title={The holocene thermal maximum around {Svalbard}, {Arctic North Atlantic}: molluscs show early and exceptional warmth},
  author={Mangerud, Jan and Svendsen, John Inge},
  journal={The Holocene},
  volume={28},
  number={1},
  pages={65--83},
  year={2018},
  publisher={SAGE Publications Sage UK: London, England}
}

@article{katolikova2016genetic,
  title={Genetic, ecological and morphological distinctness of the blue mussels {\it Mytilus trossulus} Gould and {\it M. edulis} L. in the {White Sea} },
  author={Katolikova, Marina and Khaitov, Vadim and V{\"a}in{\"o}l{\"a}, Risto and Gantsevich, Michael and Strelkov, Petr},
  journal={PLoS One},
  volume={11},
  number={4},
  year={2016},
  publisher={Public Library of Science}
}

@article{michalek2016mytilus,
  title={{\it Mytilus} hybridisation and impact on aquaculture: a minireview},
  author={Michalek, K and Ventura, A and Sanders, Trystan},
  journal={Marine genomics},
  volume={27},
  pages={3--7},
  year={2016},
  publisher={Elsevier}
}

@article{beyer2017blue,
  title={Blue mussels ({\it Mytilus edulis} spp.) as sentinel organisms in coastal pollution monitoring: a review},
  author={Beyer, Jonny and Green, Norman W and Brooks, Steven and Allan, Ian J and Ruus, Anders and Gomes, T{\^a}nia and Br{\aa}te, Inger Lise N and Sch{\o}yen, Merete},
  journal={Marine environmental research},
  volume={130},
  pages={338--365},
  year={2017},
  publisher={Elsevier}
}

@article{lobel1990recent,
  title={Recent taxonomic discoveries concerning the mussel {\it Mytilus}: Implications for biomonitoring},
  author={Lobel, PB and Belkhode, SP and Jackson, SE and Longerich, HP},
  journal={Archives of Environmental Contamination and Toxicology},
  volume={19},
  number={4},
  pages={508--512},
  year={1990},
  publisher={Springer}
}

@article{beaumont2008three,
  title={Three species of {\it Mytilus} and their hybrids identified in a {Scottish} Loch: natives, relicts and invaders?},
  author={Beaumont, Andy R and Hawkins, Marie P and Doig, Fiona L and Davies, Ian M and Snow, Michael},
  journal={Journal of Experimental Marine Biology and Ecology},
  volume={367},
  number={2},
  pages={100--110},
  year={2008},
  publisher={Elsevier}
}

@article{dias2011survey,
  title={Survey and management of mussel {\it Mytilus} species in Scotland},
  author={Dias, Patricia Joanna and Piertney, Stuart B and Snow, Mike and Davies, Ian M},
  journal={Hydrobiologia},
  volume={670},
  number={1},
  pages={127},
  year={2011},
  publisher={Springer}
}

@article{penney2002comparative,
  title={Comparative growth of cultured blue mussels, {\it Mytilus edulis}, {\it M. trossulus} and their hybrids, in naturally occurring mixed-species stocks},
  author={Penney, R W and Hart, M J and Templeman, N},
  journal={Aquaculture Research},
  volume={33},
  number={9},
  pages={693--702},
  year={2002},
  publisher={Wiley Online Library}
}

@article{khaitov2018discriminating,
  title={Discriminating Eaters: Sea Stars {\it Asterias rubens} L. Feed Preferably on {\it Mytilus trossulus} Gould in Mixed Stocks of {\it Mytilus trossulus} and {Mytilus edulis} L.},
  author={Khaitov, Vadim and Makarycheva, Anna and Gantsevich, Mikhail and Lentsman, Natalia and Skazina, Maria and Gagarina, Anastasia and Katolikova, Marina and Strelkov, Petr},
  journal={The Biological Bulletin},
  volume={234},
  number={2},
  pages={85--95},
  year={2018},
  publisher={University of Chicago Press Chicago, IL}
}

@article{padial2010integrative,
  title={The integrative future of taxonomy},
  author={Padial, Jos{\'e} M and Miralles, Aur{\'e}lien and De la Riva, Ignacio and Vences, Miguel},
  journal={Frontiers in zoology},
  volume={7},
  number={1},
  pages={16},
  year={2010},
  publisher={BioMed Central}
}

@article{banoo2007evaluation,
  title={Evaluation of diagnostic tests for infectious diseases: general principles},
  author={Banoo, Shabir and Bell, David and Bossuyt, Patrick and Herring, Alan and Mabey, David and Poole, Freddie and Smith, Peter G and Sriram, N and Wongsrichanalai, Chansuda and Linke, Ralf and others},
  journal={Nature Reviews Microbiology},
  volume={5},
  number={11},
  pages={S21--S31},
  year={2007},
  publisher={Nature Publishing Group}
}

@article{derjugin1928fauna,
  title={Fauna of the {White Sea} and the environmental conditions of its existence (in {R}ussian)},
  author={Derjugin, KM},
  journal={Explorations of the Fauna of the Seas of the {USSR}, Leningrad},
  volume={78},
  pages={512},
  year={1928}
}

@article{derjugin1915fauna,
  title={Fauna of the {Kola Bay} and conditions of its existence (in {Russian} )},
  author={Derjugin, KM},
  journal={M{\'e}moires de lâ€™Acad{\'e}mie Imp{\'e}riale des Sciences, ser. 8, classe physico-math{\'e}matique},
  volume={34},
  number={1},
  pages={1--929},
  year={1915}
}


@article{bobkov2010tidal,
  title={Tidal variability of oceanological conditions of submarine landscapes on sublittoral of the Inlet {Ivanovskaya}},
  author={Bobkov, AA and Strelkov, PP and Il'Ina, AN},
  journal={Vestnik Sankt-Peterburgskogo Universiteta, Seriya Geologiya i Geografiya},
  volume={2010},
  number={1},
  pages={86--99},
  year={2010},
  publisher={Saint-Petersburg State University}
}

@article{kingston2018linking,
  title={Linking genotype to phenotype in a changing ocean: inferring the genomic architecture of a blue mussel stress response with genome-wide association},
  author={Kingston, SE and Martino, P and Melendy, M and Reed, FA and Carlon, DB},
  journal={Journal of evolutionary biology},
  volume={31},
  number={3},
  pages={346--361},
  year={2018},
  publisher={Wiley Online Library}
}

@article{martino2019blue,
  title={Blue Mussel (Genus {\it Mytilus}) Transcriptome Response to Simulated Climate Change in the {Gulf of Maine}},
  author={Martino, Pieter A and Carlon, David B and Kingston, Sarah E},
  journal={Journal of Shellfish Research},
  volume={38},
  number={3},
  pages={587--602},
  year={2019},
  publisher={BioOne}
}

@article{strelkov2017temporal,
  title={Temporal change of the Baltic Sea--North Sea blue mussel hybrid zone over two decades},
  author={Strelkov, Petr and Katolikova, Marina and V{\"a}inol{\"a}, Risto},
  journal={Marine Biology},
  volume={164},
  number={11},
  pages={214},
  year={2017},
  publisher={Springer}
}

@article{pritchard2000inference,
  title={Inference of population structure using multilocus genotype data},
  author={Pritchard, Jonathan K and Stephens, Matthew and Donnelly, Peter},
  journal={Genetics},
  volume={155},
  number={2},
  pages={945--959},
  year={2000},
  publisher={Genetics Soc America}
}

@article{raj2014faststructure,
  title={{fastSTRUCTURE}: variational inference of population structure in large {SNP} data sets},
  author={Raj, Anil and Stephens, Matthew and Pritchard, Jonathan K},
  journal={Genetics},
  volume={197},
  number={2},
  pages={573--589},
  year={2014},
  publisher={Genetics Soc America}
}

@article{ridgway2004genotypes,
  title={Genotypes of {\it Mytilus} from waters of different salinity around {Bergen}, {Norway} },
  author={Ridgway, G and N{\ae}vdal, G},
  journal={Helgoland Marine Research},
  volume={58},
  number={2},
  pages={104},
  year={2004},
  publisher={BioMed Central}
}

@article{dias2009mytilus,
  title={{\it Mytilus} species under rope culture in {Scotland}: implications for management},
  author={Dias, PJ and Bland, M and Shanks, AM and Beaumont, A and Piertney, SB and Davies, IM and Snow, M},
  journal={Aquaculture international},
  volume={17},
  number={5},
  pages={437--448},
  year={2009},
  publisher={Springer}
}

@article{simon2020replicated,
  title={Replicated anthropogenic hybridisations reveal parallel patterns of admixture in marine mussels},
  author={Simon, Alexis and Arbiol, Christine and Nielsen, Einar Eg and Couteau, J{\'e}r{\^o}me and Sussarellu, Rossana and Burgeot, Thierry and Bernard, Isma{\"e}l and Coolen, Joop WP and Lamy, Jean-Baptiste and Robert, St{\'e}phane and others},
  journal={Evolutionary Applications},
  volume={13},
  number={3},
  pages={575--599},
  year={2020},
  publisher={Wiley Online Library}
}

@article{leeflang2009diagnostic,
  title={Diagnostic test accuracy may vary with prevalence: implications for evidence-based diagnosis},
  author={Leeflang, Mariska MG and Bossuyt, Patrick MM and Irwig, Les},
  journal={Journal of clinical epidemiology},
  volume={62},
  number={1},
  pages={5--12},
  year={2009},
  publisher={Elsevier}
}

@article{leeflang2013variation,
  title={Variation of a testâ€™s sensitivity and specificity with disease prevalence},
  author={Leeflang, Mariska MG and Rutjes, Anne WS and Reitsma, Johannes B and Hooft, Lotty and Bossuyt, Patrick MM},
  journal={Cmaj},
  volume={185},
  number={11},
  pages={E537--E544},
  year={2013},
  publisher={Can Med Assoc}
}

@article{geist2008use,
  title={Use of mollusc shells for {DNA}-based molecular analyses},
  author={Geist, Juergen and Wunderlich, Heike and Kuehn, Ralph},
  journal={Journal of Molluscan Studies},
  volume={74},
  number={4},
  pages={337--343},
  year={2008},
  publisher={Oxford University Press}
}

@article{der2020unveiling,
  title={Unveiling the ecological applications of ancient {DNA} from mollusk shells},
  author={Der Sarkissian, Clio and M{\"o}ller, Per and Hofman,  Courtney and Ils{\o}e, Peter and Rick, Torben and Schi{\o}tte, Tom and Vinther S{\o}rensen, Martin and Dal{\'e}n, Love and Orlando, Ludovic},
  journal={Frontiers in Ecology and Evolution},
  volume={8},
  pages={1--21},
  year={2020},
  publisher={Frontiers}
}


@article{zolotarev1997relations,
  title={Relations of prismatic and nacreous layers in the shells of the mussel {\it Mytilus trossulus}},
  author={Zolotarev, VN and Shurova, NM},
  journal={Russian Journal of Marine Biology},
  volume={23},
  number={1},
  pages={26--31},
  year={1997},
  publisher={New York, NY: Plenum Pub. Corp., 1992-}
}

@article{fraisse2016local,
  title={Local interspecies introgression is the main cause of extreme levels of intraspecific differentiation in mussels},
  author={Fra{\"\i}sse, Christelle and Belkhir, Khalid and Welch, John J and Bierne, Nicolas},
  journal={Molecular Ecology},
  volume={25},
  number={1},
  pages={269--286},
  year={2016},
  publisher={Wiley Online Library}
}

@article{smietanka2017disruption,
  title={Disruption of doubly uniparental inheritance of mitochondrial {DNA} associated with hybridization area of {European} {\it Mytilus edulis} and {\it Mytilus trossulus} in {Norway} },
  author={{\'S}mietanka, Beata and Burzy{\'n}ski, Artur},
  journal={Marine biology},
  volume={164},
  number={11},
  pages={209},
  year={2017},
  publisher={Springer}
}

@article{wenne2020trans,
  title={Trans-atlantic distribution and introgression as inferred from single nucleotide polymorphism: mussels {\it Mytilus} and environmental factors},
  author={Wenne, Roman and Zbawicka, Ma{\l}gorzata and Bach, Lis and Strelkov, Petr and Gantsevich, Mikhail and Kukli{\'n}ski, Piotr and Kijewski, Tomasz and McDonald, John H and Sundsaasen, Kristil Kindem and {\'A}rnyasi, Mariann and others},
  journal={Genes},
  volume={11},
  number={5},
  pages={530},
  year={2020},
  publisher={Multidisciplinary Digital Publishing Institute}
}

@article{simon2019local,
  title={Local introgression at two spatial scales in mosaic hybrid zones of mussels},
  author={Simon, Alexis and Fra{\"\i}sse, Christelle and El Ayari, Tahani and Liautard-Haag, Cathy and Strelkov, Petr and Welch, John J and Bierne, Nicolas},
  journal={BioRxiv},
  pages={818559},
  year={2019},
  publisher={Cold Spring Harbor Laboratory}
}

@article{currey1974mechanical,
  title={The mechanical behaviour of some molluscan hard tissues},
  author={Currey, JD and Taylor, JD},
  journal={Journal of Zoology},
  volume={173},
  number={3},
  pages={395--406},
  year={1974},
  publisher={Wiley Online Library}
}

@article{steinacher2009imminent,
  title={Imminent ocean acidification in the {Arctic} projected with the {NCAR} global coupled carbon cycle-climate model},
  author={Steinacher, Marco and Joos, Fortunat and Fr{\"o}licher, Thomas Lukas and Plattner, Gian-Kasper and Doney, Scott C},
  journal={Biogeosciences},
  volume={6},
  number={4},
  pages={515--533},
  year={2009},
  publisher={Copernicus}
}

@article{zenkevitch1963biology,
  title={Biology of the seas of the {USSR} George Allen \& Unwin Ltd},
  author={Zenkevitch, L},
  journal={London, UK},
  year={1963}
 }

@article{bufalova2005mytilus,
  title={{\it Mytilus} of the {Tuva Bay} ({Kola Bay, Barents Sea})},
  author={Bufalova, EN and Strelkov, PP and Katolikova, MV and Sukhotin, AA and Kozin, MB},
  journal={Vestnik SPBGU},
  volume={3},
  pages={99--105},
  year={2005}
}

@article{seed1992population,
  title={Population and community ecology of {\it Mytilus} },
  author={Seed, Raymond and Suchanek, Thomas H},
  journal={The mussel Mytilus: ecology, physiology, genetics and culture},
  volume={25},
  pages={87--170},
  year={1992},
  publisher={Elsevier Amsterdam}
}

@article{duarte2020dense,
  title={Dense {\it Mytilus} Beds Along Freshwater-Influenced $Greenland$ Shores: Resistance to Corrosive Waters Under High Food Supply},
  author={Duarte, Carlos M and Rodriguez-Navarro, Alejandro B and Delgado-Huertas, Antonio and Krause-Jensen, Dorte},
  journal={Estuaries and Coasts},
  volume={43},
  number={2},
  pages={387--395},
  year={2020},
  publisher={Springer}
}

@article{melzner2011food,
  title={Food supply and seawater $p CO_2$ impact calcification and internal shell dissolution in the blue mussel {\it Mytilus edulis} },
  author={Melzner, Frank and Stange, Paul and Tr{\"u}benbach, Katja and Thomsen, J{\"o}rn and Casties, Isabel and Panknin, Ulrike and Gorb, Stanislav N and Gutowska, Magdalena A},
  journal={PloS one},
  volume={6},
  number={9},
  pages={e24223},
  year={2011},
  publisher={Public Library of Science}
}

@article{bates1995genetic,
  title={Genetic variation among populations of {\it Mytilus} spp. in eastern {Newfoundland} },
  author={Bates, JA and Innes, DJ},
  journal={Marine Biology},
  volume={124},
  number={3},
  pages={417--424},
  year={1995},
  publisher={Springer}
}

@article{rawson2001species,
  title={Species composition of blue mussel populations in the northeastern {Gulf of Maine} },
  author={Rawson, Paul D and Hayhurst, Susan and Vanscoyoc, Brook},
  journal={Journal of Shellfish Research},
  volume={20},
  number={1},
  pages={31--38},
  year={2001},
  publisher={NATL SHELLFISHERIES ASSOC C/O DR. SANDRA E. SHUMWAY, NATURAL SCIENCE~â€¦}
}

@article{stuckas2017combining,
  title={Combining hydrodynamic modelling with genetics: can passive larval drift shape the genetic structure of {Baltic} {\it Mytilus} populations?},
  author={Stuckas, Heiko and Kn{\"o}bel, Loreen and Schade, Hanna and Breusing, Corinna and Hinrichsen, Hans-Harald and Bartel, Manuela and Langguth, Klaudia and Melzner, Frank},
  journal={Molecular Ecology},
  volume={26},
  number={10},
  pages={2765--2782},
  year={2017},
  publisher={Wiley Online Library}
}

@article{vervoenen2000mytilus,
  title={Mytilus antiquorum J. Sowerby, 1821 and other Pliocene mussels ({Mollusca}, {Bivalvia}) from the {Southern North Sea Basin}},
  author={Vervoenen, M and Wesselingh, FP and van Nieulande, FAD},
  journal={Mededelingen van de Werkgroep voor Tertiaire en Kwartaire Geologie},
  volume={37},
  number={3/4},
  pages={73--81},
  year={2000}
}

@article{wiens2000species,
  title={Species delimitation in systematics: inferring diagnostic differences between species},
  author={Wiens, John J and Servedio, Maria R},
  journal={Proceedings of the Royal Society of London. Series B: Biological Sciences},
  volume={267},
  number={1444},
  pages={631--636},
  year={2000},
  publisher={The Royal Society}
}

@article{riginos2005invited,
  title={Invited review: local adaptation and species segregation in two mussel ({\it Mytilus edulis} $\times$ {\it Mytilus trossulus}) hybrid zones},
  author={Riginos, Cynthia and Cunningham, Clifford W},
  journal={Molecular ecology},
  volume={14},
  number={2},
  pages={381--400},
  year={2005},
  publisher={Wiley Online Library}
}

@article{wilson2018new,
  title={New diagnostic {SNP} molecular markers for the {\it Mytilus} species complex},
  author={Wilson, Joanna and Matejusova, Iveta and McIntosh, Rebecca E and Carboni, Stefano and Bekaert, Micha{\"e}l},
  journal={PloS one},
  volume={13},
  number={7},
  pages={e0200654},
  year={2018},
  publisher={Public Library of Science San Francisco, CA USA}
}

@article{amadon1949seventy,
  title={The seventy-five per cent rule for subspecies},
  author={Amadon, Dean},
  journal={The Condor},
  volume={51},
  number={6},
  pages={250--258},
  year={1949},
  publisher={JSTOR}
}

@incollection{chenuil2019problems,
  title={Problems and questions posed by cryptic species. A framework to guide future studies},
  author={Chenuil, Anne and Cahill, Abigail E and D{\'e}l{\'e}montey, Numa and du Luc, Elrick Du Salliant and Fanton, Hadrien},
  booktitle={From Assessing to Conserving Biodiversity},
  pages={77--106},
  year={2019},
  publisher={Springer, Cham}
}

@article{fitzpatrick2015hybridization,
  title={Hybridization and the species problem in conservation},
  author={Fitzpatrick, Benjamin M and Ryan, Maureen E and Johnson, Jarrett R and Corush, Joel and Carter, Evin T},
  journal={Current Zoology},
  volume={61},
  number={1},
  pages={206--216},
  year={2015},
  publisher={Oxford University Press Oxford, UK}
}


  @Manual{R_2019,
    title = {R: A Language and Environment for Statistical Computing},
    author = {{R Core Team}},
    organization = {R Foundation for Statistical Computing},
    address = {Vienna, Austria},
    year = {2019},
    url = {https://www.R-project.org/},
  }


@article{Zolotar2002,
  title={Morphological differences in mussels from {\it Mytilus edulis} group (in {Russian} )},
  author={Zolotarev, VN},
  journal={Vestnik Zhitomerskogo pedagogicheskogo universiteta},
  volume={10},
  pages={5--8},
  year={2002}
}

@book{Oil2018,
	location = {Saint Petersburg},
 title={{Kola Bay} and Oil: Biota, Vulnerability Maps, Pollution},
editor = {Shavykin, AA},
	date = {2018}
}

@book{FAO202,
	location = {Rome. Italy},
 title={Fisheries and aquaculture software. {FishStatJ} â€” software for fishery statistical time series},
  author={FAO},	
url = {http://www.fao.org/fishery/statistics/software/fishstatj/en.},
	date = {2020}
}


@Article{lme4,
    title = {Fitting Linear Mixed-Effects Models Using {lme4}},
    author = {Douglas Bates and Martin M{\"a}chler and Ben Bolker and Steve Walker},
    journal = {Journal of Statistical Software},
    year = {2015},
    volume = {67},
    number = {1},
    pages = {1--48},
    doi = {10.18637/jss.v067.i01},
  }



@article{nakagawa_general_2013,
	title = {A general and simple method for obtaining \textit{R} $^{\textrm{2}}$ from generalized linear mixed-effects models},
	volume = {4},
	issn = {2041210X},
	url = {http://doi.wiley.com/10.1111/j.2041-210x.2012.00261.x},
	doi = {10.1111/j.2041-210x.2012.00261.x},
	pages = {133--142},
	number = {2},
	journaltitle = {Methods in Ecology and Evolution},
	author = {Nakagawa, Shinichi and Schielzeth, Holger},
	editor = {O'Hara, Robert B.},
	urldate = {2017-03-21},
	date = {2013-02},
	langid = {english},
	keywords = {Astred English},
	file = {Nakagawa Schielzeth 2012 Rsq for GLMM.pdf:C\:\\Users\\X200\\AppData\\Roaming\\Zotero\\Zotero\\Profiles\\f9ne3lyw.default\\zotero\\storage\\KFZETP2M\\Nakagawa Schielzeth 2012 Rsq for GLMM.pdf:application/pdf}
}

 @Manual{barton_mumin:_2016,
    title = {MuMIn: Multi-Model Inference},
    author = {Kamil Barton},
    year = {2018},
    note = {R package version 1.42.1},
    url = {https://CRAN.R-project.org/package=MuMIn},
  }
}


@book{queen2002experimental,
  title={Experimental design and data analysis for biologists},
  author={Queen, Jerry P and Quinn, Gerry P and Keough, Michael J},
  year={2002},
  publisher={Cambridge university press}
}
