@incollection{dunn2012pacifastacus,
  title={Pacifastacus leniusculus Dana (North American signal crayfish)},
  author={Dunn, Jenny C},
  booktitle={A handbook of global freshwater invasive species},
  pages={205--215},
  year={2012},
  publisher={Routledge}
}


@article{kumakawa2011established,
  title={Established habitats and origin of the invasive signal crayfish Pacifastacus leniusculus in Akashina, Azumino City, Nagano Prefecture, Japan},
  author={KUMAKAWA, Shinji and NAKATA, Kazuyoshi and KAWAI, Tadashi},
  journal={Japanese Journal of Benthology},
  volume={66},
  number={1},
  pages={26--32},
  year={2011},
  publisher={JAPANESE ASSOCIATION OF BENTHOLOGY}
}


@article{kilroy2011arrival,
  title={The arrival and spread of the bloom-forming, freshwater diatom, Didymosphenia geminata, in New Zealand},
  author={Kilroy, Cathy and Unwin, Martin},
  journal={Aquatic invasions},
  volume={6},
  number={3},
  pages={249--262},
  year={2011},
  publisher={Regional Euro-Asian Biological Invasions Centre Oy (REABIC)}
}

@article{kotta2006ecological,
  title={Ecological consequences of biological invasions: three invertebrate case studies in the north-eastern Baltic Sea},
  author={Kotta, Jonne and Kotta, Ilmar and Simm, Mart and Lankov, Ain and Lauringson, Velda and P{\~o}llum{\"a}e, Arno and Ojaveer, Henn},
  journal={Helgoland Marine Research},
  volume={60},
  pages={106--112},
  year={2006},
  publisher={Springer}
}

@article{ojaveer2004population,
  title={Population dynamics and ecological impact of the non-indigenous Cercopagis pengoi in the Gulf of Riga (Baltic Sea)},
  author={Ojaveer, Henn and Simm, Mart and Lankov, Ain},
  journal={Hydrobiologia},
  volume={522},
  pages={261--269},
  year={2004},
  publisher={Springer}
}


@article{uitto1999distribution,
  title={Distribution of the non-indigenous Cercopagis pengoi in the coastal waters of the eastern Gulf of Finland},
  author={Uitto, Anna and Gorokhova, Elena and V{\"a}lipakka, Pentti},
  journal={ICES Journal of Marine Science},
  volume={56},
  number={Supplement},
  pages={S49--S57},
  year={1999},
  publisher={Oxford University Press}
}

@inproceedings{ermolaeva2015,
  title={Видовой состав и пространственное распределение Зоопланктона Обской губы и Гыданской губы},
  author={Ермолаева, НИ},
  booktitle={ВОДНЫЕ И ЭКОЛОГИЧЕСКИЕ ПРОБЛЕМЫ СИБИРИ И ЦЕНТРАЛЬНОЙ АЗИИ},
  pages={91--99},
  year={2017}
}

@article{tamburini2021monitoring,
  title={Monitoring non-indigenous species in port habitats: first application of a standardized North American protocol in the Mediterranean Sea},
  author={Tamburini, Marco and Keppel, Erica and Marchini, Agnese and Repetto, Michele F and Ruiz, Gregory M and Ferrario, Jasmine and Occhipinti-Ambrogi, Anna},
  journal={Frontiers in Marine Science},
  volume={8},
  pages={700730},
  year={2021},
  publisher={Frontiers Media SA}
}

@article{davidson2018history,
  title={A history of ship specialization and consequences for marine invasions, management and policy},
  author={Davidson, Ian C and Scianni, Christopher and Minton, Mark S and Ruiz, Gregory M},
  journal={Journal of Applied Ecology},
  volume={55},
  number={4},
  pages={1799--1811},
  year={2018},
  publisher={Wiley Online Library}
}


@article{diansky2020system,
  title={{Система оперативных и ретроспективных расчетов гидрометеорологических параметров и морского льда для западных морей российской Арктики}),
  author={Дианский, НА and Панасенкова, ИИ and Фомин, ВВ and Гусев, АВ and Кабатченко, ИМ},
  journal={Морские информационно-управляющие системы},
  volume={17},
  number={1},
  pages={44--51},
  year={2020}
}


@article{diansky2015asesment,
  title={{Оценка влияния подходного канала к порту Сабетта на изменение гидрологических условий Обской губы с помощью численного моделирования}},
  author={Дианский, НА and Фомин, ВВ and Грузинов, ВМ and Литвиненко, ГИ},
  journal={Арктика: экология и экономика},
  volume={19},
  number={3},
  pages={18},
  year={2015},
  publisher={Федеральное государственное бюджетное учреждение науки Институт проблем~…}
}

@article{diansky2015modelling,
  title={{Моделирование гидрометеорологических характеристик в Карском и Печорском морях и расчет наносов у западного побережья полуострова Ямал}},
  author={Дианский, Николай Ардальянович and Кабатченко, Илья Михайлович and Фомин, Владимир Васильевич and Архипов, Василий Владимирович and Цвецинский, Александр Станиславович},
  journal={Вести газовой науки},
  number={2},
  pages={98--105},
  year={2015},
  publisher={Общество с ограниченной ответственностью {\guillemotleft}Научно-исследовательский институт~…}
}

@article{diansky2014simulation,
  title={{Simulation of circulation of the Kara and Pechora Seas through the system of express diagnosis and prognosis of marine dynamics}},
  author={Diansky, NA and Fomin, VV and Kabatchenko, IM and Gruzinov, VM},
  journal={Arktika: ekologiya i ekonomika [Arctic: Ecology and Economy]},
  volume={13},
  number={1},
  pages={57--73},
  year={2014}
}


@article{danabasoglu2014north,
  title={{North Atlantic simulations in coordinated ocean-ice reference experiments phase II (CORE-II). Part I: mean states}},
  author={Danabasoglu, Gokhan and Yeager, Steve G and Bailey, David and Behrens, Erik and Bentsen, Mats and Bi, Daohua and Biastoch, Arne and B{\"o}ning, Claus and Bozec, Alexandra and Canuto, Vittorio M and others},
  journal={Ocean Modelling},
  volume={73},
  pages={76--107},
  year={2014},
  publisher={Elsevier}
}

@article{volodin2017simulation,
  title={{Simulation of the present-day climate with the climate model INMCM5}},
  author={Volodin, EM and Mortikov, EV and Kostrykin, SV and Galin, V Ya and Lykossov, VN and Gritsun, AS and Diansky, NA and Gusev, AV and Iakovlev, NG},
  journal={Climate dynamics},
  volume={49},
  pages={3715--3734},
  year={2017},
  publisher={Springer}
}

@book{diansky2013,
  title={Моделирование циркуляции океана и изучение его реакции на кратковременные и долговременные атмосферные воздействия.},
  author={Дианский, НА},
  year={2013},
  pages={272},
  publisher={Москва: "Физматлит"}
}



@article{miralles2021if,
  title={{“If you know the enemy and know yourself”: addressing the problem of biological invasions in ports through a new NIS invasion threat score, routine monitoring, and preventive action plans}},
  author={Miralles, Laura and Ibabe, Aitor and Gonz{\'a}lez, M{\'o}nica and Garcia-Vazquez, Eva and Borrell, Yaisel J},
  journal={Frontiers in Marine Science},
  volume={8},
  pages={633118},
  year={2021},
  publisher={Frontiers Media SA}
}


@article{purasjoki1984acanthocyclops,
  title={{Acanthocyclops robustus (Copepoda, Cyclopoida) in plankton of the Helsinki sea area, and a morphological comparison between A. robustus and A. vernalis}},
  author={Purasjoki, Kalle and Viljamaa, Hilkka},
  journal={Finnish Mar. Res},
  volume={250},
  pages={33--44},
  year={1984},
  publisher={}
}

@article{marques2006zooplankton,
  title={Zooplankton and ichthyoplankton communities in a temperate estuary: spatial and temporal patterns},
  author={Marques, Sonia Cotrim and Azeiteiro, Ulisses Miranda and Marques, Jo{\~a}o Carlos and Neto, Jo{\~a}o Miguel and Pardal, Miguel {\^A}ngelo},
  journal={Journal of Plankton Research},
  volume={28},
  number={3},
  pages={297--312},
  year={2006},
  publisher={Oxford University Press}
}

@article{gonccalves2012responses,
  title={Responses of Copepoda life-history stages to climatic variability in a Southern-European temperate estuary},
  author={Gon{\c{c}}alves, Ana MM and Pardal, Miguel {\^A} and Marques, S{\'o}nia C and Mendes, Susana and Fern{\'a}ndez-G{\'o}mez, Mar{\'\i}a J and Galindo-Villard{\'o}n, Mar{\'\i}a P and Azeiteiro, Ulisses M},
  journal={Zoological Studies},
  volume={51},
  number={3},
  pages={321--335},
  year={2012},
  publisher={}
}


@article{tackx2004zooplankton,
  title={Zooplankton in the Schelde estuary, Belgium and The Netherlands. Spatial and temporal patterns},
  author={Tackx, Micky LM and De Pauw, Nathalie and Van Mieghem, Riet and Az{\'e}mar, Fr{\'e}d{\'e}ric and Hannouti, Abdelhacq and Van Damme, Stefan and Fiers, Frank and Daro, Nanette and Meire, Patrick},
  journal={Journal of Plankton research},
  volume={26},
  number={2},
  pages={133--141},
  year={2004},
  publisher={Oxford University Press}
}


@article{sautour1995comparative,
  title={Comparative spring distribution of zooplankton in three macrotidal European estuaries},
  author={Sautour, Beno{\^\i}t and Castel, Jacques},
  journal={Hydrobiologia},
  volume={311},
  number={1},
  pages={139--151},
  year={1995},
  publisher={Springer}
}

@article{martynova2011seasonal,
  title={Seasonal abundance and feeding patterns of copepods Temora longicornis, Centropages hamatus and Acartia spp. in the White Sea (66 N)},
  author={Martynova, Daria M and Kazus, Natalia A and Bathmann, Ulrich V and Graeve, Martin and Sukhotin, Alexey A},
  journal={Polar Biology},
  volume={34},
  number={8},
  pages={1175--1195},
  year={2011},
  publisher={Springer}
}



@book{dorit1991zoology,
  title={Zoology},
  author={Dorit, Robert L and Walker, Warren F and Barnes, Robert D},
  year={1991},
  publisher={Saunders College Pub.}
}


@article{dineen1992interactive,
  title={Interactive effects of salinity and adult extract upon settlement of the estuarine barnacle Balanus improvisus (Darwin, 1854)},
  author={Dineen Jr, Joseph F and Hines, Anson H},
  journal={Journal of experimental marine biology and ecology},
  volume={156},
  number={2},
  pages={239--252},
  year={1992},
  publisher={Elsevier}
}

@article{david2004ballast,
  title={Ballast water sampling as a critical component of biological invasions risk management},
  author={David, Matej and Perkovi{\v{c}}, Marko},
  journal={Marine pollution bulletin},
  volume={49},
  number={4},
  pages={313--318},
  year={2004},
  publisher={Elsevier}
}


@article{simard2011net,
  title={Net efficacy of open ocean ballast water exchange on plankton communities},
  author={Simard, Nathalie and Plourde, St{\'e}phane and Gilbert, Michel and Gollasch, Stephan},
  journal={Journal of Plankton Research},
  volume={33},
  number={9},
  pages={1378--1395},
  year={2011},
  publisher={Oxford University Press}
}


@article{smith1999invasion,
  title={Invasion pressure to a ballast-flooded estuary and an assessment of inoculant survival},
  author={Smith, L David and Wonham, Marjorie J and McCann, Linda D and Ruiz, Gregory M and Hines, Anson H and Carlton, James T},
  journal={Biological Invasions},
  volume={1},
  pages={67--87},
  year={1999}
}

@article{drake2004global,
  title={Global hot spots of biological invasions: evaluating options for ballast--water management},
  author={Drake, John M and Lodge, David M},
  journal={Proceedings of the Royal Society of London. Series B: Biological Sciences},
  volume={271},
  number={1539},
  pages={575--580},
  year={2004},
  publisher={The Royal Society}
}

@inproceedings{chu1997biological,
  title={A biological survey of ballast water in container ships entering Hong Kong},
  author={Chu, KH and Tam, PF and Fung, CH and Chen, QC},
  booktitle={Asia-Pacific Conference on Science and Management of Coastal Environment},
  pages={201--206},
  year={1997},
  organization={Springer}
}

@article{deagle2003development,
  title={Development and evaluation of a PCR-based test for detection of Asterias (Echinodermata: Asteroidea) larvae in Australian plankton samples from ballast water},
  author={Deagle, BE and Bax, N and Hewitt, CL and Patil, JG},
  journal={Marine and Freshwater Research},
  volume={54},
  number={6},
  pages={709--719},
  year={2003},
  publisher={CSIRO Publishing}
}


@article{sylvester2011hull,
  title={Hull fouling as an invasion vector: can simple models explain a complex problem?},
  author={Sylvester, Francisco and Kalaci, Odion and Leung, Brian and Lacoursi{\`e}re-Roussel, Ana{\"\i}s and Murray, Cathryn Clarke and Choi, Francis M and Bravo, Monica A and Therriault, Thomas W and MacIsaac, Hugh J},
  journal={Journal of Applied Ecology},
  volume={48},
  number={2},
  pages={415--423},
  year={2011},
  publisher={Wiley Online Library}
}

@book{Integr_2020,
  title     =  {Integrated investigations of ecological conditions in the Ob Estuary in the area of potential influence of the Progect "Arctic LNG 2" and on the adjacent area.},
  author    = {},
  year      = 2020
}


@article{sautour1995comparative,
  title={Comparative spring distribution of zooplankton in three macrotidal European estuaries},
  author={Sautour, Beno{\^\i}t and Castel, Jacques},
  journal={Hydrobiologia},
  volume={311},
  number={1},
  pages={139--151},
  year={1995},
  publisher={Springer}
}

@article{Goldsmit2020,
abstract = {The risk of aquatic invasions in the Arctic is expected to increase with climate warming, greater shipping activity and resource exploitation in the region. Planktonic and benthic marine aquatic invasive species (AIS) with the greatest potential for invasion and impact in the Canadian Arctic were identified and the 23 riskiest species were modelled to predict their potential spatial distributions at pan-Arctic and global scales. Modelling was conducted under present environmental conditions and two intermediate future (2050 and 2100) global warming scenarios. Invasion hotspots—regions of the Arctic where habitat is predicted to be suitable for a high number of potential AIS—were located in Hudson Bay, Northern Grand Banks/Labrador, Chukchi/Eastern Bering seas and Barents/White seas, suggesting that these regions could be more vulnerable to invasions. Globally, both benthic and planktonic organisms showed a future poleward shift in suitable habitat. At a pan-Arctic scale, all organisms showed suitable habitat gains under future conditions. However, at the global scale, habitat loss was predicted in more tropical regions for some taxa, particularly most planktonic species. Results from the present study can help prioritize management efforts in the face of climate change in the Arctic marine ecosystem. Moreover, this particular approach provides information to identify present and future high-risk areas for AIS in response to global warming.},
author = {Goldsmit, Jesica and McKindsey, Christopher W. and Schlegel, Robert W. and Stewart, D. Bruce and Archambault, Philippe and Howland, Kimberly L.},
doi = {10.1111/gcb.15159},
file = {:D\:/Text/Article/Articles_in_progress/Obskaya bay invasive species/Related literature/Goldsmit et al 2020 What and where Predicting invasion hotspots in the Arctic.pdf:pdf},
issn = {13652486},
journal = {Global Change Biology},
keywords = {aquatic invasive species,climate warming,ensemble models,habitat suitability,risk of invasion,shipping,species distribution model},
number = {9},
pages = {4752--4771},
pmid = {32407554},
title = {{What and where? Predicting invasion hotspots in the Arctic marine realm}},
volume = {26},
year = {2020}
}

@article{martynova2011seasonal,
  title={Seasonal abundance and feeding patterns of copepods Temora longicornis, Centropages hamatus and Acartia spp. in the White Sea (66 N)},
  author={Martynova, Daria M and Kazus, Natalia A and Bathmann, Ulrich V and Graeve, Martin and Sukhotin, Alexey A},
  journal={Polar Biology},
  volume={34},
  number={8},
  pages={1175--1195},
  year={2011},
  publisher={Springer}
}


@article{david2004ballast,
  title={Ballast water sampling as a critical component of biological invasions risk management},
  author={David, Matej and Perkovi{\v{c}}, Marko},
  journal={Marine pollution bulletin},
  volume={49},
  number={4},
  pages={313--318},
  year={2004},
  publisher={Elsevier}
}


@article{simard2011net,
  title={Net efficacy of open ocean ballast water exchange on plankton communities},
  author={Simard, Nathalie and Plourde, St{\'e}phane and Gilbert, Michel and Gollasch, Stephan},
  journal={Journal of Plankton Research},
  volume={33},
  number={9},
  pages={1378--1395},
  year={2011},
  publisher={Oxford University Press}
}


@article{tyberghein2012bio,
  title={Bio-ORACLE: a global environmental dataset for marine species distribution modelling},
  author={Tyberghein, Lennert and Verbruggen, Heroen and Pauly, Klaas and Troupin, Charles and Mineur, Frederic and De Clerck, Olivier},
  journal={Global ecology and biogeography},
  volume={21},
  number={2},
  pages={272--281},
  year={2012},
  publisher={Wiley Online Library}
}

@article{assis2018bio,
  title={Bio-ORACLE v2. 0: Extending marine data layers for bioclimatic modelling},
  author={Assis, Jorge and Tyberghein, Lennert and Bosch, Samuel and Verbruggen, Heroen and Serr{\~a}o, Ester A and De Clerck, Olivier},
  journal={Global Ecology and Biogeography},
  volume={27},
  number={3},
  pages={277--284},
  year={2018},
  publisher={Wiley Online Library}
}

@article{domisch2015near,
  title={Near-global freshwater-specific environmental variables for biodiversity analyses in 1 km resolution},
  author={Domisch, Sami and Amatulli, Giuseppe and Jetz, Walter},
  journal={Scientific data},
  volume={2},
  number={1},
  pages={1--13},
  year={2015},
  publisher={Nature Publishing Group}
}


@Manual{R_core,
    title = {R: A Language and Environment for Statistical Computing},
    author = {{R Core Team}},
    organization = {R Foundation for Statistical Computing},
    address = {Vienna, Austria},
    year = {2021},
    url = {https://www.R-project.org/},
}


 @Manual{Spocc,
    title = {spocc: Interface to Species Occurrence Data Sources},
    author = {Scott Chamberlain},
    year = {2021},
    note = {R package version 1.2.0},
    url = {https://CRAN.R-project.org/package=spocc},
  }

 @Manual{Worms,
    title = {worms: Retriving Aphia Information from World Register of Marine
Species},
    author = {Jan Holstein},
    year = {2018},
    note = {R package version 0.2.2},
    url = {https://CRAN.R-project.org/package=worms},
  }


@Manual{Vegan,
    title = {vegan: Community Ecology Package},
    author = {Jari Oksanen and F. Guillaume Blanchet and Michael Friendly and Roeland Kindt and Pierre Legendre and Dan McGlinn and Peter R. Minchin and R. B. O'Hara and Gavin L. Simpson and Peter Solymos and M. Henry H. Stevens and Eduard Szoecs and Helene Wagner},
    year = {2020},
    note = {R package version 2.5-7},
    url = {https://CRAN.R-project.org/package=vegan}
}


@article{Maximov2011,
author = {Maximov, A A},
doi = {10.1134/S2075111711010036},
file = {:D\:/Text/Article/Articles_in_progress/Obskaya bay invasive species/Related literature/Maximov 2010 Marenzelleria invasion.pdf:pdf},
keywords = {alien species,bioturbation,bottom communities,ceans,glacial relict crusta,hypoxia,invaders,macrozoobenthos,monoporeia affinis},
number = {1},
pages = {11--19},
title = {{Large Scale Invasion of Marenzelleria spp . ( Polychaeta ; Spionidae ) in the Eastern Gulf of Finland , Baltic Sea}},
volume = {2},
year = {2011}
}


@article{dineen1992interactive,
  title={Interactive effects of salinity and adult extract upon settlement of the estuarine barnacle Balanus improvisus (Darwin, 1854)},
  author={Dineen Jr, Joseph F and Hines, Anson H},
  journal={Journal of experimental marine biology and ecology},
  volume={156},
  number={2},
  pages={239--252},
  year={1992},
  publisher={Elsevier}
}

@book{dorit1991zoology,
  title={Zoology},
  author={Dorit, Robert L and Walker, Warren F and Barnes, Robert D},
  year={1991},
  publisher={Saunders College Pub.}
}

@article{berezina2007expansion,
  title={Expansion of the North American amphipod Gammarus tigrinus Sexton, 1939 to the Neva Estuary (easternmost Baltic Sea)},
  author={Berezina, Nadezhda A},
  journal={Oceanologia},
  volume={49},
  number={1},
  year={2007},
  publisher={-}
}

@article{chambers1977population,
  title={{The population ecology of Gammarus tigrinus (Sexton) in the reed beds of the Tjeukemeer}},
  author={Chambers, MR},
  journal={Hydrobiologia},
  volume={53},
  number={2},
  pages={155--164},
  year={1977},
  publisher={Springer}
}

@article{Most_dang_2018,
  title={{Самые опасные инвазионные виды России (ТОП-100)}},
  editor={Петросян, Варос Гарегинович and Дгебуадзе, Юрий Юлианович and Хляп, Людмила Айзиковна and Рожнов, Вячеслав Владимирович and Осипов, Фёдор Алексеевич and Кривошеина, Марина Геннадьевна and Фенева, Ирина Юрьевна and Решетников, Андрей Николаевич and Башинский, Иван Викторович and Омельченко, Андрей Владимирович and others},
  year={2018},
  publisher={Общество с ограниченной ответственностью Товарищество научных изданий КМК}
}

@book{Most_dang_2018en,
  title={{The most dangerous invasive species of Russia (TOP-100) [in Russian]}},
  editor={Dgebuadze, Y. Y. and Petrosyan, V. G. and Khlyap, L.A.},
  year={2018},
  pages = {688},
  publisher={KMK Scientific Press}
}


@article{Stepanova2017,
  title={{Питание рыб в Обской губе Карского моря в подледный период}},
  author={Степанова, ВБ},
  journal={Вестник рыбохозяйственной науки},
  volume={4},
  number={4},
  pages={94--100},
  year={2017},
  publisher={Федеральное государственное бюджетное научное учреждение Государственный~…}
}

@article{Stepanova2017en,
  title={{Fish feeding in the Gulf of Ob in the Kara Sea during the ice season}},
  author={Stepanova, V B},
  journal={{Vestnik rybokhozajstvennoj nauki [in Russian]}},
  volume={4},
  number={4},
  pages={94--100},
  year={2017}
}




@incollection{berger2002biological,
  title={{Biological invasions in the White Sea}},
  author={Berger, Victor JA and Naumov, Andrew D},
  booktitle={{Invasive aquatic species of Europe. Distribution, impacts and management}},
  pages={235--239},
  year={2002},
  publisher={Springer}
}


@incollection{orlova2002dreissena,
  title={{Dreissena (D.) polymorpha: evolutionary origin and biological peculiarities as prerequisites of invasion success}},
  author={Orlova, Marina I},
  booktitle={{Invasive aquatic species of Europe. Distribution, impacts and management}},
  pages={127--134},
  year={2002},
  publisher={Springer}
}

@article{Karatayev2007,
author = {Karatayev, Alexander Y. and Padilla, Dianna K. and Minchin, Dan and Boltovskoy, Demetrio and Burlakova, Lyubov E.},
doi = {10.1007/s10530-006-9013-9},
journal = {Biological Invasions},
keywords = {Aquatic nuisance species,Biogeography,Dispersal,Geographic spread,Globalization,Invasion,Suspension feeders},
number = {2},
pages = {161--180},
title = {{Changes in global economies and trade: The potential spread of exotic freshwater bivalves}},
volume = {9},
year = {2007}
} 


@article{Ozerskii2011,
 title={О термине" стация", использующемся в отечественной эколого-фаунистической литературе},
  author={Озерский, ПВ},
  journal={Экология},
  number={6},
  pages={417--417},
  year={2011},
  publisher={Федеральное государственное бюджетное учреждение" Российская академия наук"}
}


@article{Makhnovich2018,
author = {Махнович, Н. М.},
doi = {10.24411/1728-323X-2018-12068},
keywords = {dreissena polymorpha,dvina river,ments,morphometric measure-,size and weight structure,the estuary area,the northern,{\"{e}} аст {\"{u}} реки,ает в себя,северная двина вк {\"{e}}þ,уст {\"{u}} евая об},
pages = {68--72},
title = {{Характеристика популяции Dreissena polymorpha (Pallas, 1771) в устьевой области реки Северная Двина}},
year = {2018},
volume = {2},
journal = {Проблемы региональной экологии}

}

@article{Makhnovich2018en,
author = {Makhnovich, N. M.},
doi = {10.24411/1728-323X-2018-12068},
keywords = {dreissena polymorpha,dvina river,ments,morphometric measure-,size and weight structure,the estuary area,the northern,{\"{e}} аст {\"{u}} реки,ает в себя,северная двина вк {\"{e}}þ,уст {\"{u}} евая об},
pages = {68--72},
title = {{Characteristics of Dreissena polymorpha (Pallas, 1771) population in the estuary area of the Northern Dvina River}},
year = {2018},
volume = {2},
journal = {{Problemy regionalnoj ecologii [in Russian]}}
}




@article{Travina2020,
author = {Травина, О В and Беспалая, Ю В and Аксёнова, О В and Шевченко, А Р and Соколова, С Е and Кошелева, А Е and Овчинников, Д В},
pages = {61--71},
title = {{РАСПРОСТРАНЕНИЕ И ПЛОТНОСТЬ ПОПУЛЯЦИЙ DREISSENA POLYMORPHA (PALLAS, 1771) В ПЕРИФЕРИЙНОЙ ЧАСТИ АРЕАЛА}},
year = {2020},
journal = {Российский журнал биологических инвазий},
volume = {13},
number = {1}
}


@article{Travina2020en,
author = {Travina, O V and Bespalaya, Yu V and Aksenova, O V and Shevchenko, A R and Sokolova, S E and Kosheleva, A E and Ovchinnikov, D V},
pages = {61--71},
title = {{Distribution and population density of Dreissena polymorpha (Pallas, 1771) in the peripheral part of the range}},
year = {2020},
journal = {{Rossijsky zhurnal biologicheskikh invzij [in Russian]}},
volume = {13},
number = {1}
}


@article{Powers2006,
abstract = {The bivalve Mya arenaria L. is a common inhabitant of intertidal sediments along the southcentral Alaskan coastline. Its current distribution along the Pacific coast of the continental USA, Canada and Alaska has resulted from a series of intentional and unintentional introductions as well as larval transport between points of introduction over the previous century. Despite the apparent success of M. arenaria in intertidal habitats of coastal Alaska, no study has examined its distribution in this environment. We sampled four times over a two-year period (2001-2002) to document the distribution of M. arenaria in intertidal sedimentary habitats of the Copper River Delta and adjacent Orca Inlet (southeastern Prince William Sound), Alaska. Sampling was performed along a gradient of tidal elevations at three sites (Hartney Bay, Eyak and Pete Dahl) chosen to represent the range of physical/chemical settings of protected intertidal sand and mud flats within the study area. Among the three sampling sites, abundance of M. arenaria was lowest at sites near the outflow of the Copper River (Pete Dahl) and highest in areas of higher salinity and water clarity (Hartney Bay and low tidal elevation plots at Eyak). Within each of the two sites located on the Copper River Delta (Eyak and Pete Dahl), abundances of M. arenaria were highest at low tide plots (+ 1.1 m for Eyak, + 1.4 m for Pete Dahl), a pattern consistent with the distribution of M. arenaria within tidal flats in Europe (Wadden and White Seas). For the third site located in Orca Inlet (Hartney Bay), M. arenaria was found at all tidal elevations; however, distinct differences in the distribution of newly recruited M. arenaria (< 10 mm shell length [SL]) and older juveniles and adults (> 10 mm SL) were evident. Density and growth of M. arenaria in southcentral Alaska were most similar to values reported for the White Sea (Russia); both areas are located at similar latitude and represent the northern extreme of M. arenaria distribution. {\textcopyright} 2005 Elsevier B.V. All rights reserved.},
author = {Powers, Sean P. and Bishop, Mary Anne and Grabowski, Jonathan H. and Peterson, Charles H.},
doi = {10.1016/j.seares.2005.10.004},
file = {:D\:/Text/Article/Articles_in_progress/Obskaya bay invasive species/Related literature/Powers-et-al-2006-J-Sea-Research.pdf:pdf},
issn = {13851101},
journal = {Journal of Sea Research},
keywords = {Alaska,Benthic community,Copper River,Distribution,Mya arenaria,Prince William Sound,Subarctic tidal flats},
number = {3},
pages = {207--216},
title = {{Distribution of the invasive bivalve Mya arenaria L. on intertidal flats of southcentral Alaska}},
volume = {55},
year = {2006}
}

@article{Gerasimova2021,
author = {Gerasimova, Alexandra V. and Maximovich, Nikolay V. and Filippova, Nadezhda A. and Filippov, Andrew A. and Malova, Diana S.},
doi = {10.1007/s10750-021-04658-y},
file = {:D\:/Text/Article/Articles_in_progress/Obskaya bay invasive species/Related literature/Gerasimova et al 2021 Mya arenaria as model object.pdf:pdf},
isbn = {0123456789},
issn = {15735117},
journal = {Hydrobiologia},
keywords = {Bivalvia,Length growth,Mortality,Mya arenaria,Population dynamics,Recruitment,White Sea},
number = {19},
pages = {4511--4533},
publisher = {Springer International Publishing},
title = {{Bivalve Mya arenaria L. as a model object in demecology: dynamics of bed structure, mortality and growth in the Kandalaksha Bay of the White Sea}},
url = {https://doi.org/10.1007/s10750-021-04658-y},
volume = {848},
year = {2021}
}


@article{Zolotarev1996,
abstract = {The unintentional introduction of the new mollusc species Rapana thomasiana, Mya arenaria, and Scapharca inaequivalvis has become a significant reason for modern transformations of certain bottom biocoenoses in the Black Sea. These molluscs have been passed across natural barriers in fouling of ships or in ship seawater ballast and have successfully acclimatized in the new region, forming communities with a high density and biomass. The resulting changes in the structure of the bottom biocoenoses after these introductions are in many cases comparable with or exceed the consequences of other episodic environmental events and other kinds of anthropogenic activity. The intense spreading of the introduced species in the new area is the result of their high adaptive capability and the instability of the Black Sea ecosystem, the latter being due to its few species, low level of competitive interactions, and constant growth of diverse anthropogenic loads.},
author = {Zolotarev, Valentin},
doi = {10.1111/j.1439-0485.1996.tb00504.x},
file = {:D\:/Text/Article/Articles_in_progress/Obskaya bay invasive species/Related literature/Zolotarev  1996  The Black Sea Ecosystem Changes Related to the Introduction of New Mollusc.pdf:pdf},
issn = {01739565},
journal = {Marine Ecology},
keywords = {Black Sea,Bottom biocoenoses,Immigrants,Introduction,Mya arenaria,Rapana thomasiana,Scapharca inaequivalvis},
number = {1-3},
pages = {227--236},
title = {{The Black Sea ecosystem changes related to the introduction of new mollusc species}},
volume = {17},
year = {1996}
}

@article{Hansen1996,
abstract = {Sulfate reduction and various parameters related to the sulfur cycle were examined at mm to cm scales around burrows of the soft-shell clam Mya arenaria in an intertidal sediment (Lowes Cove, Maine, USA). Sulfate reduction rates were 1.5 to 2 times higher in the inner 1 to 5 mm region surrounding the burrow than in ambient sediment In contrast, pools of reduced sulfur increased with the distance from the burrow wall to values ≈1.5 times higher in ambient sediment. The highest numbers of sulfate-reducing bacteria (estimated using a most-probable-number technique) and microbial biomass (estimated from phospholipid phosphorous content) relative to ambient sediment were found in the innermost zone around burrows. Results from an artificial burrow experiment showed that artificial burrow irrigation suppressed sulfate reduction in the innermost zone around burrows, while radial profiles of reduced sulfur resembled those from M. arenaria burrows, indicating loss of reduced sulfur from the burrow wall. M. arenaria burrows are thus sites of enhanced microbial activity and a dynamic sulfur cycle, with turnover times of reduced sulfur compounds increasing with distance from the burrow wall. Enhanced sulfate reduction rates near burrows are likely caused by substrate enrichment, perhaps due to organic excretions from M. arenaria. The pattern of reduced sulfur turnover likely results from periodic oxygen inputs during burrow irrigation.},
author = {Hansen, Kim and King, Gary M. and Kristensen, Erik},
doi = {10.3354/ame010181},
file = {:D\:/Text/Article/Articles_in_progress/Obskaya bay invasive species/Related literature/Hansen et al 1996 Mya sulfat reduction.pdf:pdf},
issn = {09483055},
journal = {Aquatic Microbial Ecology},
keywords = {Bioturbation,Manne sediment,Mya arenaria,Sulfate reduction,Sulfate-reducing bacteria},
number = {2},
pages = {181--194},
title = {{Impact of the soft-shell clam Mya arenaria on sulfate reduction in an intertidal sediment}},
volume = {10},
year = {1996}
}


@article{Forster2004,
abstract = {The capacity of the filter-feeding bivalve Mya arenaria L. to affect water transport in sandy beds  Journal Marine BiologyPublisher Springer Berlin / Heidelberg  Issue Volume 144, Number 6 / June, 2004  Pages 1183-1189  The capacity of the filter-feeding bivalve Mya arenaria L. to affect water transport in sandy beds S. Forster1and M. L. Zettler1 (1)Baltic Sea Research Institute Warnemuende, Seestrasse 15, 18119 Rostock, Germany  Received: 14 July 2003Accepted: 25 November 2003Published online: 16 January 2004 AbstractBenthic filter feeding macrofauna organisms may be an important factor linking sediment and water column. Transport of water and concomitantly of suspended matter is directly related to the size of the benthic filter feeding population. This paper aims to determine the potential for water transport by the bivalve Mya arenaria along a coastal stretch of roughly 100 km length in the southern Baltic Sea. Quantification of population filtration rates specific to the area is based on distribution, abundance and biomass of M. arenaria and calculated according to previously published filtration rate-biomass relations. Calculated rates range up to >8 m3 m-2 day-1 (at 5-20 m water depth in sandy sediment) with the potential to locally process a volume of water equivalent to the water column within <1 day. Data from 1991-2002 at one site suggest that the area-specific potential population filtration rate remains remarkably constant in time despite changes in population structure of M. arenaria. The related impact on pore water exchange within the permeable sediment associated with the leakage of water from the gape of M. arenaria valves is discussed. Email: stefan.forster@io-warnemuende.de References Aller RC (1977) The influence of macrobenthos on chemical diagenesis of marine sediments. PhD dissertation. Department of Geology and Geophysics, New Haven, Conn.  Aller RC (1982) The effects of macrobenthos on chemical properties of marine sediment and overlying water. In: McCall PL, Tevesz MJS (eds) Animal-sediment relations. Plenum, New York, pp 53-104  Amouroux J-M, Amouroux J, Bastide J, Cahet G (1990) Interrelations in a microcosm with a suspension-feeder and a deposit-feeder. I: experimental study. Oceanol Acta 13:61-68  Amouroux J-M, Gr{\'{e}}mare A, Cahet G (1991) Experimental study of the interactions between a natural 14C radiolabelled sediment and a deposit-feeding bivalve: Abra alba. Oceanol Acta 14:589-597  Betke D (2002) Der Einfluss von Mya arenaria auf die Sedimentchemie. Master thesis, University of Rostock, Rostock  Brenchley GA (1981) Disturbance and community structure: an experimental study of bioturbation in marine soft-bottom environments. J Mar Res 39:767-790  Cranford PJ (2001) Evaluating the reliability of filtration rate measurements in bivalves. Mar Ecol Prog Ser 215:303-305  Darcy H (1856) Les Fontaines Publiques de la Ville de Dijon. Dalmont, Paris  Emerson CW, Grant J (1991) The control of soft-shell clam (Mya arenaria) recruitment on intertidal sandflats by bedload sediment transport. Limnol Oceanogr 36:1288-1300  Forster S (1991) Die Bedeutung biogener Strukturen f{\"{u}}r den Sauerstoffflu{\ss} ins Sediment. PhD dissertation. Christian-Albrechts University, Kiel  Forster S, Bobertz B, Bohling B (2004) Permeability of sands in the coastal areas of the southern Baltic Sea: mapping a grain-size related sediment property. Aquat Geochem (in press)  Franz DR, Merrill AS (1980) Molluscan distribution patterns on the continental shelf of the Middle Atlantic Bight (northwest Atlantic). Malacologia 19:209-225  Gray JS (1981) The ecology of marine sediments. Cambridge University Press, Cambridge  Hansen K, King GM, Kristensen E (1996) Impact of the soft-shell clam Mya arenaria on sulfate reduction in an intertidal sediment. Aquat Microb Ecol 10:181-194  Henriksen K, Rasmussen MB, Jensen A (1983) Effect of bioturbation on microbial nitrogen transformations in the sediment and fluxes of ammonium and nitrate to overlaying water. Ecol Bull 35:193-205 Haehmlich S, Thomsen L, Graf G (1999) Factors controlling aggregate formation in the benthic boundary layer of the Mecklenburg Bight (western Baltic Sea). J Sea Res 41:245-254 Jagnow B, Gosselck F (1987) Bestimmungsschl{\"{u}}ssel f{\"{u}}r die Geh{\"{a}}useschnecken und Muscheln der Ostsee. Mitt Zool Mus Berl 63:191-268  J{\o}rgensen CB (1975) Comparative physiology of suspension feeding. Annu Rev Physiol 37:57-79 J{\o}rgensen CB, Riisg{\aa}rd HU (1988) Gill pump characteristics of Mya arenaria. Mar Biol 99:107-109  Kristensen E (2001) Impact of polychaetes (Nereis spp. and Arenicola marina) on carbon biogeochemistry in coastal marine sediments. A review. Geochem Trans 2:92-104  Kube J (1996) Spatial and temporal variations in the population structure of the soft-shell clam Mya arenaria in the Pomeranian Bay (southern Baltic Sea). J Sea Res 35:335-344 Kube J, Peters C, Powilleit M (1996) Spatial variation in growth of Macoma balthica and Mya arenaria (Mollusca, Bivalvia) in relation to environmental gradients in the Pomeranian Bay (southern Baltic Sea). Arch Fish Mar Res 44:81-93  K{\"{u}}hl H (1981) The sandgaper Mya arenaria. In: Dankers N, K{\"{u}}hl H, Wolff WJ (eds) Invertebrates of the Wadden Sea. AA Balkema, Rotterdam, pp 118-119  Lambert-Jensen J (1997) Sandmuslingen, Mya arenarias filtration I Keringe Nor. Graesningskontrol af fytoplankton i en lavvandet fjord. Specialerapport {\AA}rhus Universitet, Denmark  McDowell Capuzzo J, Sasner JJ Jr (1977) The effects of chromium on filtration rates and metabolic activity of Mytilus edulis and Mya arenaria L. In: Vernberg FJ, Calabrese A, Thurberg FP, Vernberg WB (eds) Physiological responses of marine biota to pollutants. Academic, New York, pp 225-237  Muus BJ (1967) The fauna of Danish estuaries and lagoons. Medd Komm Dan Fisk Havunders NS 5:1-316  Newell RIE, Cornwell JC, Owens MS (2002) Influence of simulated bivalve biodeposition and microphytobenthos on sediment nitrogen dynamics: a laboratory study. Limnol Oceanogr 47:1367-1379  Nichols FH (1985) Increased benthic grazing: an alternative explanation for low phytoplankton biomass in northern San Francisco Bay during the 1976-1977 drought. Estuar Coast Shelf Sci 21:379-388  Olenin S (1997) Comparative community study of the south-eastern Baltic coastal zone and the Curonian Lagoon bottom. Proceedings of the 13th BMB Symposium, Riga, Latvia, pp 153-161  ORiordan CA, Monismith SG, Koseff JR (1995) The effect of bivalve excurrent jet dynamics on mass transfer in a benthic boundary layer. Limnol Oceanogr 40:330-344  Pelegri SP, Blackburn TH (1995) Effect of bioturbation by Nereis sp., Mya arenaria and Cerastoderma sp. on nitrification and denitrification in estuarine sediments. Ophelia 42:289-299  Rhoads DC, Boyer LF (1982) The effects of marine benthos on physical properties of sediments, a successional perspective. In: McCall PL, Tevesz MJS (eds) Animal-sediment relations. Plenum, New York, pp 3-52  Riisg{\aa}rd HU, Seerup DF (2004) Filtration rates of the soft clam Mya arenaria: effects of temperature and body size. Sarsia 88:416-428  Riisg{\aa}rd HU, J{\"{u}}rgensen C, {\O}stergaard Andersen F (1996) Case study: Kertinge Nor. In: Richardson K (ed) Eutrophication in coastal marine ecosystems. American Geophysical Union, Washington  Riisg{\aa}rd HU, Kittner C, Seerup DF (2003) Regulation of opening state and filtration rate in filter-feeding bivalves (Cardium edule, Mytilus edulis, Mya arenaria) in response to low algal concentration. J Exp Mar Biol Ecol 284:105-127 Scapati D, Jr. (1984) Intertidal patterns of distribution in the soft-shell clam Mya arenaria (Linne) on a New Jersey tidal flat. J Shellfish Res 4:99  Strasser M (1999) Mya arenaria-an ancient invader of the North Sea coast. Helgol Meeresunters 52:3-4  Thorin S, Bourdages H, Vincent B (1998) Study of siphon activity in Mya arenaria (L.) in the intertidal zone by means of an underwater video camera. J Exp Mar Biol Ecol 224:205-224 Turnewitsch R, Graf G (2003) Variability of particulate seawater properties related to bottom mixed layer-associated internal waves in shallow water on a time scale of hours. Limnol Oceanogr 48:1254-1264  Warzocha J (1994) Spatial distribution of macrofauna in the southern Baltic in 1983. Bull Sea Fish Inst 131:47-59  Zaklan SD, Ydenberg R (1997) The body size-burial depth relationship in the infaunal clam Mya arenaria. J Exp Mar Biol Ecol 215:1-17  Zettler ML, B{\"{o}}nsch R, Gosselck F (2000) Verbreitung des Makrozoobenthos in der Mecklenburger Bucht (s{\"{u}}dliche Ostsee)-rezent und im historischen Vergleich. Meereswiss Ber 42. Warnem{\"{u}}nde. Institut f{\"{u}}r Ostseeforschung Warnem{\"{u}}nde, Rostock},
author = {Forster, S. and Zettler, M. L.},
doi = {10.1007/s00227-003-1278-2},
file = {:C\:/Users/polyd/AppData/Local/Mendeley Ltd./Mendeley Desktop/Downloaded/Forster, Zettler - 2004 - The capacity of the filter-feeding bivalve Mya arenaria L. to affect water transport in sandy beds.pdf:pdf},
issn = {00253162},
journal = {Marine Biology},
pages = {1183--1189},
title = {{The capacity of the filter-feeding bivalve Mya arenaria L. to affect water transport in sandy beds}},
volume = {144},
year = {2004}
}

@article{Galkin2010,
author = {Галкин, С В and Кучерук, Н В and Минин, К В and Райский, А К and Горославская, Е И},
file = {:D\:/Text/Article/Articles_in_progress/Obskaya bay invasive species/Related literature/Галкин и др 2010 макробентос Обской губы.pdf:pdf},
pages = {837--841},
title = {{Макробентос эстуарной зоны реки обь и прилежащих районов карского моря {\textcopyright} 2010}},
journal = {Океанология},
volume = {50},
number = {5},
year = {2010}
}


@article{Galkin2010en,
author = {Galkin, S V and Kucheruk, N V and Minin, K V and Raysky, A K and Goroslavskaya, E I},
file = {:D\:/Text/Article/Articles_in_progress/Obskaya bay invasive species/Related literature/Галкин и др 2010 макробентос Обской губы.pdf:pdf},
pages = {837--841},
title = {{Macrobenthos of the Ob River Estuary Zone and Adjacent Areas of the Kara Sea}},
journal = {{Okeanologija [in Russian]}},
volume = {50},
number = {5},
year = {2010}
}

@article{Stepanova2007,
author = {Степанова, В Б and Степанов, С И and Вылежинский, А В},
file = {:D\:/Text/Article/Articles_in_progress/Obskaya bay invasive species/Related literature/Степанова 2011 mnogoletnie-issledovaniya-makrozoobentosa-obskoy-guby.pdf:pdf},
pages = {110--117},
title = {{Многолетние Исследования Макрозообентоса Обской Губы}},
volume = {586},
journal = {Вестник экологии, лесоведения и ландшафтоведения},
year = {2007}
}


@article{kauppi2015,
abstract = {Invasive species are considered to be a major threat to both terrestrial and aquatic ecosystems worldwide due to their negative effects on biodiversity, ecosystem functioning and species interactions. This study investigates with the help of large-scale monitoring datasets the spatial and temporal distribution of a successful invader, the polychaete species complex Marenzelleria spp. Mesnil 1896 into a species-poor, brackish water ecosystem in northern Europe, the Baltic Sea. The species complex has spread throughout the entire Baltic Sea and has become a dominant member of the communities especially in deeper, hypoxia-affected areas. The dynamics of the invasion follow a boom-and-bust pattern, with abundances peaking almost simultaneously throughout the Baltic Sea in 2005–2006. Possible mechanisms behind the successful establishment are changes in hydrography and species composition. Hypothesized and observed ecological impacts are reviewed. Evidence suggests a multitude of potential, sometimes contrasting, impacts. Due to the widespread distribution and high abundances, the biology and ecology of Marenzelleria spp. in the Baltic Sea need to be investigated further in order to assess its impact on ecosystem structure and functioning.},
author = {Kauppi, Laura and Norkko, Alf and Norkko, Joanna},
doi = {10.1007/s10530-015-0860-0},
file = {:D\:/Text/Article/Articles_in_progress/Obskaya bay invasive species/Related literature/Kauppi et al 2015 Large-scale_species_invasion_into_a_low-20160517-9183-8l0t5j-with-cover-page-v2.pdf:pdf},
issn = {13873547},
journal = {Biological Invasions},
keywords = {Dominance,Habitat degradation,Hypoxia,Soft-sediment communities,Spionid polychaete},
number = {7},
pages = {2055--2074},
title = {{Large-scale species invasion into a low-diversity system: spatial and temporal distribution of the invasive polychaetes Marenzelleria spp. in the Baltic Sea}},
volume = {17},
year = {2015}
}


@article{Quintana2013,
abstract = {This study investigated the effects of the invasive polychaete Marenzelleria viridis (Marenzelleria) on the biogeochemistry of sandy marine sediments. A 27-day microcosm experiment was conducted to evaluate net microbial reactions, fluxes and porewater profiles of key solutes under the presence of Marenzelleria in two sediment types; one containing autochthonous organic matter (0.4 %) and another slightly amended with seagrass detritus (Ruppia maritima; 0.5 %). Fluxes of TCO2 and O2 were two- to three-fold increased in the presence of Marenzelleria and were higher in amended (256 mmol m-2 d-1) than in non-amended sediments (117 mmol m-2 d-1). Marenzelleria stimulated carbon degradation and sulfate reduction in both sediment treatments by influencing porewater chemistry and DOC availability. Marenzelleria flushed out inhibitory porewater metabolites (i.e. TCO2, TH2S and NH4+) while replenishing SO42-. Furthermore, sulfate consumption was significantly higher in Marenzelleria sediment (79-87 mmol m-2 d-1) than in defaunated controls (36-50 mmol m-2 d-1), which indicated a 75-92 % lower DOC availability in the former. DOC excreted by Marenzelleria may have sustained 17-32 % of SO42- reduction. Lower C:S ratios (1.6-1.7) in Marenzelleria compared to defaunated sediments (2.4-2.8) suggest basic differences in carbon mineralization pathways, with e.g. H2 as a possible substrate for sulfate reduction in the former treatment and higher fermentative TCO2 formation in the latter. No significant stimulatory effect of Marenzelleria was evident for microbial NH4+ production. Total budgets revealed that Marenzelleria increased C mineralization by 50 % in amended sediment, compared to only 9 % in non-amended sediment. This study suggests that the presence of Marenzelleria may lead to a marked stimulation of sulfate reduction and degradation of refractory organic matter. Marenzelleria invasion may therefore have widespread consequences for microbial pathways and organic matter processing in sandy marine sediments. {\textcopyright} 2012 Springer Science+Business Media Dordrecht.},
author = {Quintana, Cintia O. and Kristensen, Erik and Valdemarsen, Thomas},
doi = {10.1007/s10533-012-9820-2},
file = {:D\:/Text/Article/Articles_in_progress/Obskaya bay invasive species/Related literature/Quintana 2013 Marencelleria Biogeochemistry.pdf:pdf},
issn = {1573515X},
journal = {Biogeochemistry},
keywords = {Bioirrigation,Bioturbation,Carbon mineralization,Microbial reactions,Sulfate reduction},
number = {1-3},
pages = {95--109},
title = {{Impact of the invasive polychaete Marenzelleria viridis on the biogeochemistry of sandy marine sediments}},
volume = {115},
year = {2013}
}

@article{Vinogradov1994,
author = {Vinogradov, M.E. and Shushkina, E.A. and Lebedeva, L.P. and Gagarin, V.I.},
doi = {10.1007/s10533-012-9820-2},
file = {:D\:/Text/Article/Articles_in_progress/Obskaya bay invasive species/Related literature/Quintana 2013 Marencelleria Biogeochemistry.pdf:pdf},
issn = {1573515X},
journal = {Biogeochemistry},
keywords = {Bioirrigation,Bioturbation,Carbon mineralization,Microbial reactions,Sulfate reduction},
number = {1-3},
pages = {95--109},
title = {{Impact of the invasive polychaete Marenzelleria viridis on the biogeochemistry of sandy marine sediments}},
volume = {115},
year = {2013}
}


@article{Olenina2010,
author = {Olenina, I. and Wasmund, N. and Hajdu, S. and  Jurgensone, I. and  Gromisz, S. and  Kownacka, J. and  Toming, K. and  Vaici"ute˙, D. and  Olenin, S.},
journal = {Marine Pollution Bulletin},
number = {10},
pages = {1691--1700},
title = {{Assessing impacts of invasive phytoplankton: The Baltic Sea case}},
volume = {60},
year = {2010}
}


@article{tyler1981selection,
  title={Selection for a red tide organism: Physiological responses to the physical environment 1, 2},
  author={Tyler, Mary Altalo and Seliger, HH},
  journal={Limnology and Oceanography},
  volume={26},
  number={2},
  pages={310--324},
  year={1981},
  publisher={Wiley Online Library}
}


@article{hajdu2005prorocentrum,
  title={{Prorocentrum minimum (Dinophyceae) in the Baltic Sea: morphology, occurrence—a review}},
  author={Hajdu, Susanna and Pertola, Sari and Kuosa, Harri},
  journal={Harmful algae},
  volume={4},
  number={3},
  pages={471--480},
  year={2005},
  publisher={Elsevier}
}


@article{heil2005prorocentrum,
  title={Prorocentrum minimum (Pavillard) Schiller: a review of a harmful algal bloom species of growing worldwide importance},
  author={Heil, Cynthia A and Glibert, Patricia M and Fan, Chunlei},
  journal={Harmful Algae},
  volume={4},
  number={3},
  pages={449--470},
  year={2005},
  publisher={Elsevier}
}


@incollection{ilyash2018phytoplankton,
  title={Phytoplankton of the White sea},
  author={Ilyash, Ludmila V and Belevich, Tatiana A and Zhitina, Ludmila S and Radchenko, Irina G and Ratkova, Tatiana N},
  booktitle={Biogeochemistry of the atmosphere, ice and water of the White Sea},
  pages={187--222},
  year={2018},
  publisher={Springer}
}

@article{Prudovsky2003en,
  title={{Life cycle of Acartia bifilosa (Copepoda, Calanoida) in the White Sea }},
  author={Prudkovsky, A},
  journal={{Proc White Sea Biol Stn Mosc State Univ [in Russian]}},
  volume={9},
  pages={164--168},
  year={2003}
}


