@article{katolikova2016genetic,
  title={Genetic, ecological and morphological distinctness of the blue mussels Mytilus trossulus Gould and M. edulis L. in the White Sea},
  author={Katolikova, Marina and Khaitov, Vadim and V{\"a}in{\"o}l{\"a}, Risto and Gantsevich, Michael and Strelkov, Petr},
  journal={PloS one},
  volume={11},
  number={4},
  pages={e0152963},
  year={2016},
  publisher={Public Library of Science}
}



@article{vainola_mytilus_2011,
	title = {{\it{Mytilus trossulus}} in {Northern Europe}},
	volume = {158},
	issn = {0025-3162, 1432-1793},
	url = {http://link.springer.com/10.1007/s00227-010-1609-z},
	doi = {10.1007/s00227-010-1609-z},
	pages = {817--833},
	number = {4},
	journaltitle = {Marine Biology},
	author = {V{\"a}in{\"o}l{\"a}, Risto and Strelkov, Petr},
	urldate = {2015-02-12},
	date = {2011-04},
	langid = {english},
	keywords = {Astred English, Astred project, edulis, Mytilus, trossulus},
	file = {Vainola Strelkov 2011.pdf:C\:\\Users\\X200\\AppData\\Roaming\\Zotero\\Zotero\\Profiles\\f9ne3lyw.default\\zotero\\storage\\MJ55PV2D\\Vainola Strelkov 2011.pdf:application/pdf}
}

