@article{yershov2010_changes,
  title={{Изменение характера питания прибрежной трески Gadus morhua marisalbi в Кандалакшском заливе Белого моря в условиях возросшей численности трехиглой колшки Gasterosteus aculeatus}},
  author={Ершов, ПН},
  journal={{Вопросы ихтиологии}},
  volume={50},
  number={1},
  pages={88--92},
  year={2010},
  publisher={Федеральное государственное бюджетное учреждение" Российская академия наук"}
}


@article{yershov2010_structure,
  title={{Cтруктура популяции, рост и питание полосатой зубатки Anarhichas lupus marisalbi Barsukov, 1956 в Кандалакшском заливе Белого моря}},
  author={Ершов, ПН},
  journal={{Труды Зоологического института РАН}},
  volume={314},
  number={3},
  pages={343--356},
  year={2010},
  publisher={Федеральное государственное бюджетное учреждение науки Зоологический~…}
}

@article{maksimovich2004,
  title={{Современное состояние и перспективы промысла морской травы Zostera marina L. в прибрежных акваториях карельского берега Белого моря}},
  author={Максимович, НВ and Иванов, МВ and Букина, МВ},
  journal={{Проблемы изучения, рационального использования и охраны ресурсов Белого моря. Материалы IX международной конференции}},
  pages={11--14},
  year={2004}
}

@article{lajus2013_vawes_of_life,
  title={{"Волны жизни" беломорской колюшки}},
  author={Лайус, Дмитрий Людвигович and Иванова, Татьяна Сослановна and Шатских, Елена Викторовна and Иванов, МВ},
  journal={Природа},
  number={4},
  pages={43--52},
  year={2013},
  publisher={Федеральное государственное унитарное предприятие Академический научно~…}
}


@article{ivanova2016white,
  title={{The White Sea threespine stickleback population: spawning habitats, mortality, and abundance}},
  author={Ivanova, TS and Ivanov, MV and Golovin, PV and Polyakova, NV and Lajus, DL},
  journal={Evolutionary ecology research},
  volume={17},
  number={3},
  pages={301--315},
  year={2016},
  publisher={Evolutionary Ecology, Ltd.}
}

@article{den1987wasting,
  title={{“Wasting disease” and other dynamic phenomena in Zostera beds}},
  author={Den Hartog, C},
  journal={Aquatic Botany},
  volume={27},
  number={1},
  pages={3--14},
  year={1987},
  publisher={Elsevier}
}

@article{demchuk2017,
  title={{Питание молоди трехиглой колюшки (Gasterosteus aculeatus L.) в течение приливно-отливного цикла}},
  author={Демчук, АС and Полякова, НВ and Иванов, МВ and Иванова, ТС and Лайус, ДЛ},
  journal={Изучение, рациональное использование и охрана природных ресурсов Белого моря.- СПб, 2017. 303 с.},
  year={2017}
}

@article{babkov1982,
  title={{Краткая гидрологическая характеристика губы Чупа Белого моря}},
  author={Бабков, АИ},
  journal={{Экологические исследования перспективных объектов марикультуры фауны Белого моря.--Л.: Изд-во ЗИН АН СССР}},
  pages={3--17},
  year={1982}
}

@article{babkov1985,
  title={{О принципах выделения гидрологических сезонов (на примере губы Чупа Белого моря)}},
  author={Бабков, АИ},
  journal={Исслед. фауны морей},
  volume={31},
  number={39},
  pages={84--88},
  year={1985}
}

@article{gerasimova1991,
  title={{Условия питания и особенности трофических связей промысловых рыб Белого моря}},
  author={Герасимова, ОВ and Подражанская, СГ},
  journal={{Биологические ресурсы: Состояние, перспективы и проблемы их рационального использования. Биологические основы распределения промысловых и кормовых морских животных}},
  year={1991},
  pages={116--125},
  publisher={Изд-во ВНИРО/VNIRO Publishing}
}

@article{kokin1970,
  title={{Состав и динамика фитопланктона Карельского побережья Белого моря}},
  author={Кокин, КА and Кольцова, ТИ and Хлебович, ТВ},
  journal={Ботанический журнал},
  volume={55},
  number={4},
  pages={499--509},
  year={1970}
}

@article{kosobokova2012,
  title={{Зоопланктон Белого моря: структура, динамика и экология сообществ}},
  author={Кособокова, Ксения Николаевна and Перцова, НМ},
  journal={{Система Белого моря}},
  pages={640--674},
  year={2012}
}

@article{prygunkova1974,
  title={{Некоторые особенности сезонного развития зоопланктона губы Чупа Белого моря}},
  author={Прыгункова, РВ},
  journal={Исследования фауны морей},
  volume={13},
  number={21},
  pages={56--64},
  year={1974}
}

@book{usov2015,
  title={{Сезонная и многолетняя динамика обилия зоопланктона в прибрежной зоне Кандалакшского залива Белого моря в связи с изменениями температуры воды. Кандидатская диссертация.}},
  author={Усов, Николай Викторович},
  year={2015}
}

@article{khlebovich1974,
  title={{Качественный состав и сезонные изменения численности фитопланктона в губе Чупа Белого моря}},
  author={Хлебович, ТВ},
  journal={Исследования фауны морей},
  volume={13},
  number={21},
  pages={56--64},
  year={1974}
}


@article{ilyash2018phytoplankton,
  title={{Phytoplankton of the White sea}},
  author={Ilyash, Ludmila V and Belevich, Tatiana A and Zhitina, Ludmila S and Radchenko, Irina G and Ratkova, Tatiana N},
  journal={{Biogeochemistry of the Atmosphere, Ice and Water of the White Sea: The White Sea Environment Part I}},
  pages={187--222},
  year={2018},
  publisher={Springer}
}


@article{kosobokova1999reproductive,
  title={{The reproductive cycle and life history of the Arctic copepod Calanus glacialis in the White Sea}},
  author={Kosobokova, KN},
  journal={Polar Biology},
  volume={22},
  pages={254--263},
  year={1999},
  publisher={Springer}
}

@article{tilzer1986light,
  title={{Light-temperature interactions in the control of photosynthesis in Antarctic phytoplankton}},
  author={Tilzer, Max M and Elbr{\"a}chter, malte and Gieskes, Winfried W and Beese, B{\"a}rbel},
  journal={Polar biology},
  volume={5},
  pages={105--111},
  year={1986},
  publisher={Springer}
}

@article{usov2021phenological,
  title={{Phenological responses of the arctic, ubiquitous, and boreal copepod species to long-term changes in the annual seasonality of the water temperature in the White Sea}},
  author={Usov, Nikolay V and Khaitov, Vadim M and Kutcheva, Inna P and Martynova, Daria M},
  journal={Polar Biology},
  volume={44},
  number={5},
  pages={959--976},
  year={2021},
  publisher={Springer}
}

@article{usov2024joint,
  title={{Joint seasonal dynamics of phytoplankton and zooplankton in the sub-Arctic White Sea}},
  author={Usov, Nikolay and Radchenko, Irina and Smirnov, Vyacheslav and Sukhotin, Alexey},
  journal={Marine Ecology Progress Series},
  volume={732},
  pages={33--51},
  year={2024}
}

@book{filatov2007white,
  title={{White Sea: its marine environment and ecosystem dynamics influenced by global change}},
  author={Filatov, Nikolai and Pozdnyakov, Dmitry and Johannessen, Olaf M and Pettersson, Lasse H and Bobylev, Leonid P},
  year={2007},
  publisher={Springer Science \& Business Media}
}

@chapter{simonov1991,
  title={Океанография},
  author={Симонов, ВВ and Полупанов, ВН and Хромцова ТА and Щепоткин ТЯ and Снеговой, СВ and Белоконская, АД and Тарзанова, НЛ and Котов, СВ and Дианов, МВ},
  journal={{Океанографические условия и биологическая продуктивность Белого моря}},
  pages={51--78},
  year={1991},
  publisher={Мурманск: ПИНРО}
}


@article{ivanchenko1991,
  title={Рыбы: сельди},
  author={Иванченко, ОФ and Лайус, ДЛ},
  journal={{Океанографические условия и биологическая продуктивность Белого моря}},
  pages={116--123},
  year={1991},
  publisher={Мурманск: ПИНРО}
}


@article{studenov1991,
  title={Рыбы: семга},
  author={Иванченко, ОФ and Лайус, ДЛ},
  journal={{Океанографические условия и биологическая продуктивность Белого моря}},
  pages={124--125},
  year={1991},
  publisher={Мурманск: ПИНРО}
}

@article{stasenkov1991,
  title={{Рыбы: корюшка, камбалы, мойва, зубатка, треска, навага, эпизодические вселенцы из районов Атлантики}},
  author={Стасенков, ВА},
  journal={{Океанографические условия и биологическая продуктивность Белого моря}},
  pages={134--151},
  year={1991},
  publisher={Мурманск: ПИНРО}
}


@article{pantiulin1994,
  title={{Гидрологические и гидрохимические особенности малых эстуариев Кандалакшского залива Белого моря}},
  author={Пантюлин, АН and Повалишникова, ЕС and Захарова, ЕА and Хоуленд, Р},
  journal={Вестник Московского университета. Серия 5: География},
  number={5},
  pages={86--95},
  year={1994},
  publisher={Федеральное государственное бюджетное образовательное учреждение высшего~…}
}


@inproceedings{koriakin2001_influence,
  title={{Влияние опреснения на литоральные сообщества в кутовом участке Кандалакшского залива}},
  author={Корякин, АС and Шкляревич, ГА},
  journal={{Проблемы изучения рационального использования и охраны природных ресурсов Белого моря: VIII региональная научно-практическая конференция. Архангельск; Беломорск}},
  pages={81},
  year={2001}
}



@inproceedings{koriakin2001_regulation,
  title={{Регулирование реки Нивы и сохранение заповедного режима в кутовом участке Кандалакшского залива}},
  author={Корякин, АС and Шкляревич, ГА},
  journal={{Проблемы изучения, рационального использования и охраны природных ресурсов Белого моря. Материалы VIII региональной научно-практической конференции}},
  pages={16--18},
  year={2001}
}

@article{shklarevich_moiseeva2015,
  title={{Антропогенное влияние регулируемого сброса пресных вод из систем ГЭС в Белое море на мелководных беспозвоночных}},
  author={Шкляревич, Галина Андреевна and Моисеева, Елена Анатольевна},
  journal={{Ученые записки Петрозаводского государственного университета}},
  number={8 (153)},
  pages={46--51},
  year={2015},
  publisher={Федеральное государственное бюджетное образовательное учреждение высшего}
}



@article{lajus2020_review,
  title={{Трехиглая колюшка Белого моря: популяционные характеристики и роль в экосистеме}},
  author={Лайус, Дмитрий Людвигович and Головин, Павел Валерьевич and Анастасия, Евгеньевна Зеленская and Демчук, Анна Сергеевна and Доргам, Ахмед Салем Абдель Азиз and Иванов, Михаил Валерьевич and Иванова, Татьяна Сослановна and Мурзина, Светлана Александровна and Полякова, Наталия Владимировна and Рыбкина, Елена Викторовна and others},
  journal={Сибирский экологический журнал},
  volume={27},
  number={2},
  pages={167--183},
  year={2020},
  publisher={Фонд" Центр поддержки науки и культуры"}
}


@article{grishankov_ninburg_shklarevich2000,
  title={{Макрозообентос Кандалакшского заповедника (беломорская акватория)(Аннотированный список видов)}},
  author={Гришанков, АВ and Нинбург, ЕА and Шкляревич, ГА},
  journal={Серия:'Флора и фауна заповедников'},
  number={83},
  pages={1},
  year={2000}
}



@article{mikhaylova2019diversity,
  title={{Diversity and structure of epibenthic communities of the red algae zone in the White Sea}},
  author={Mikhaylova, Tatiana A and Aristov, Dmitriy A and Naumov, Andrew D and Malavenda, Sergey S and Savchenko, Olga N and Bijagov, Konstantin L},
  journal={Polar Biology},
  volume={42},
  pages={953--968},
  year={2019},
  publisher={Springer}
}


@article{khaitov2013life,
  title={{Life in an unstable house: community dynamics in changing mussel beds}},
  author={Khaitov, Vadim},
  journal={Hydrobiologia},
  volume={706},
  number={1},
  pages={139--158},
  year={2013},
  publisher={Springer}
}




@article{berger2001,
  title={Fishes},
  author={Berger, V},
  journal={{White Sea: Ecology and environment}},
  pages={55--76},
  year={2001},
  publisher={St.Petersburg: Derzavets Publisher}
}






@article{naumov2001benthos,
  title={Benthos},
  author={Naumov, V},
  journal={{White Sea: Ecology and environment}},
  pages={41--54},
  year={2001},
  publisher={St.Petersburg: Derzavets Publisher}
}



@article{berger_naumov2001,
  title={General features},
  author={Berger, V and Naumov, V},
  journal={{White Sea: Ecology and environment}},
  pages={9--22},
  year={2001},
  publisher={St.Petersburg: Derzavets Publisher}
}



@report{savitskaya2010,
author = {Савицкая, Александра and Немчинов, Михаил},
title = {{Картирование поселений взморника Zostera marina на литорали островов Северного архипелага Кандалакшского залива Белого моря. Неопубликованный отчет, депонированный в библиотеке Кандалакшского Государственного Заповедника}},
institution = {Лаборатория экологии морского бентоса (гидробиологии)},
year = {2010}
}


@report{polozov1992,
author = {Полозов, Юрий},
title = {{Некоторые особенности питание речной камбалы Pleuronectes flesus L. на литорали в эстуарии реки Лувеньга (Кандалакшский залив Белое море) Неопубликованный отчет, депонированный в библиотеке Кандалакшского Государственного Заповедника}},
institution = {Лаборатория экологии морского бентоса (гидробиологии)},
year = {1992}
}




@report{goltsev1994,
author = {Гольцев, Никита and Полозов, Юрий and Щемелинин, Никита},
title = {{К вопросу об избирательности питания речной камбалы Pleuronectes flesus в Белом море. Неопубликованный отчет, депонированный в библиотеке Кандалакшского Государственного Заповедника}},
institution = {Лаборатория экологии морского бентоса (гидробиологии)},
year = {1994}
}



@report{shunkina2001,
author = {Шунькина, Ксения},
title = {{Сравнительный анализ питания молоди трехиглой (Gasterosteus aculeatus) и девятииглой (Pungitius pungitius) колюшек в Кандалакшском заливе Белого моря. Неопубликованный отчет, депонированный в библиотеке Кандалакшского Государственного Заповедника}},
institution = {Лаборатория экологии морского бентоса (гидробиологии)},
year = {2001}
}


@report{rydlovskaya1997,
author = {Рыдловская, Анастасия},
title = {{Видовой состав и характеристика сообщества Zostera marina на литорали Кандалакшского залива Белого моря. Неопубликованный отчет, депонированный в библиотеке Кандалакшского Государственного Заповедника}},
institution = {Лаборатория экологии морского бентоса (гидробиологии)},
year = {2001}
}



@article{bojko2024,
  title={{Pisces Рыбы, Кандалакшский залив, 2023 г.}},
  author={Бойко, НС},
  journal={Летопись природы Кандалакшского заповедника за 2023 год (ежегодный отчет)},
  volume={3},
  pages={8--17},
  year={2024},
  publisher={Кандалакша}
}




@article{khaitov2012_ice,
  title={{Многолетняя динамика толщины льда и сероводородного загрязнения в Илистой губе о. Горелого, Лувеньгский архипелаг, 1988-2010 гг.}},
  author={Хайтов, ВМ},
  journal={{Летопись природы Кандалакшского заповедника за 2011 год (ежегодный отчет)}},
  volume={1},
  pages={215--224},
  year={2012},
  publisher={Кандалакша}
}


@article{khaitov2012_hydrology,
  title={{Динамика солености и температуры морской воды, Южная губа, о. Ряжков, 29.05-18.08.2011}},
  author={Хайтов, ВМ},
  journal={{Летопись природы Кандалакшского заповедника за 2011 год (ежегодный отчет)}},
  volume={1},
  pages={203--214},
  year={2012},
  publisher={Кандалакша}
}


@article{khaitov2014_hydrology,
  title={{Хайтов В. М. 2014. Динамика солености, температуры воды и характера волнения в Южной губе о. Ряжкова}},
  author={Хайтов, ВМ},
  journal={{Летопись природы Кандалакшского заповедника за 2013 год (ежегодный отчет)}},
  volume={1},
  pages={136--149},
  year={2014},
  publisher={Кандалакша}
}


@article{khaitov2016_salinity,
  title={{Соленость в акватории вершины Кандалакшского залива летом 2015 года в связи со сбросом воды из водохранилища Нивской ГЭС }},
  author={Хайтов, ВМ},
  journal={{Летопись природы Кандалакшского заповедника за 2015 год (ежегодный отчет)}},
  volume={1},
  pages={115--119},
  year={2016},
  publisher={Кандалакша}
}

@article{khaitov2015_hydrology,
  title={{Динамика солености, температуры воды и воздуха и характера веровых условий в Южной губе о. Ряжкова }},
  author={Хайтов, ВМ},
  journal={{Летопись природы Кандалакшского заповедника за 2014 год (ежегодный отчет)}},
  volume={1},
  pages={48--59},
  year={2015},
  publisher={Кандалакша}
}


@article{khaitov2008_salinity,
  title={{Соленость воды в вершине Кандалакшского залива, июль 2007 г. }},
  author={Хайтов, ВМ},
  journal={{Летопись природы Кандалакшского заповедника за 2007 год (ежегодный отчет)}},
  volume={1},
  pages={89--92},
  year={2008},
  publisher={Кандалакша}
}



@article{khaitov2023_hydrology_phenology,
  title={{Фенология формирования водных масс в Южной губе о. Ряжкова в летние месяцы: Новые данные }},
  author={Хайтов, ВМ},
  journal={{Летопись природы Кандалакшского заповедника за 2022 год (ежегодный отчет)}},
  volume={1},
  pages={55--57},
  year={2023},
  publisher={Кандалакша}
}



@article{khaitov2016_hydrology,
  title={{Многолетняя динамика солености и температуры воды в Южной губе о. Ряжкова }},
  author={Хайтов, ВМ},
  journal={{Летопись природы Кандалакшского заповедника за 2016 год (ежегодный отчет)}},
  volume={1},
  pages={51--114},
  year={2016},
  publisher={Кандалакша}
}

@article{khaitov2008_untypical_water_mass,
  title={{Подход к вершине Кандалакшского залива нетипичных водных масс в августе 2006 г. }},
  author={Хайтов, ВМ},
  journal={{Летопись природы Кандалакшского заповедника за 2007 год (ежегодный отчет)}},
  volume={1},
  pages={79--82},
  year={2008},
  publisher={Кандалакша}
}



@report{zin2005,
author = {Бергер, ВЯ and Наумов, АД and Халаман, ВВ and Николаев, КЕ},
title = {{Отчет о работе по договору между ЗАО «ПС-БАЛТ» и Беломорской биологической станцией Зоологического института РАН в 2005 г. Неопубликованный отчет, депонированный в библиотеке Кандалакшского Государственного Заповедника}},
institution = {Зоологический институт РАН},
year = {2005}
}



@report{zin2006,
author = {Бергер, ВЯ and Наумов, АД and Халаман, ВВ and Фокин, МВ and Шапошников, Д and Кутчева, ИП and Николаев, КЕ},
title = {{Отчет о работе в 2006 г. по договору между ЗАО «ПС-БАЛТ» и Беломорской биологической станцией Зоологического института РАН. Неопубликованный отчет, депонированный в библиотеке Кандалакшского Государственного Заповедника}},
institution = {Зоологический институт РАН},
year = {2006}
}


@report{zin2007,
author = {Бергер, ВЯ and Наумов, АД and Фокин, МВ and Яковис, ЕЛ and Примаков, ИМ and Михальчук, КА and Николаев, КЕ},
title = {{Отчет о работе по экологическому мониторингу акватории морского специализированного порта «Витино» в 2007 г. По договору № 27/04/07-ЗИН между ООО «Морской специализированный порт «Витино»» и Беломорской биологической станцией Зоологического института Российской Академии Наук.  Неопубликованный отчет, депонированный в библиотеке Кандалакшского Государственного Заповедника}},
institution = {Зоологический институт РАН},
year = {2007}
}



@report{zin2008,
author = {Наумов, АД and Кравцова, ВВ and Шкляева, МА and Примаков, ИМ and Флячинская, ЛП and Николаев, КЕ},
title = {{Отчет о работе по экологическому мониторингу акватории морского специализированного порта «Витино» в 2008 г. По договору № 27/04/07-ЗИН между ООО «Морской специализированный порт «Витино»» и Беломорской биологической станцией Зоологического института Российской Академии Наук.  Неопубликованный отчет, депонированный в библиотеке Кандалакшского Государственного Заповедника}},
institution = {Зоологический институт РАН},
year = {2008}
}


@report{zin2009,
author = {Наумов, АД and Кравцова, ВВ and Шкляева, МА and Примаков, ИМ and Флячинская, ЛП and Николаев, КЕ},
title = {{Отчет о работе по экологическому мониторингу акватории морского специализированного порта «Витино» в 2009 г. По договору № 27/04/07-ЗИН между ООО «Морской специализированный порт «Витино»» и Беломорской биологической станцией Зоологического института Российской Академии Наук.  Неопубликованный отчет, депонированный в библиотеке Кандалакшского Государственного Заповедника}},
institution = {Зоологический институт РАН},
year = {2009}
}



@report{zin2010,
author = {Наумов, АД and Аристов, ДА and Флячинская, ЛП and Николаев, КЕ},
title = {{Отчет о работе по экологическому мониторингу акватории морского специализированного порта «Витино» в 2010 г. По договору № 27/04/07-ЗИН между ООО «Морской специализированный порт «Витино»» и Беломорской биологической станцией Зоологического института Российской Академии Наук.  Неопубликованный отчет, депонированный в библиотеке Кандалакшского Государственного Заповедника}},
institution = {Зоологический институт РАН},
year = {2010}
}


@report{zin2011,
author = {Наумов, АД and Аристов, ДА and  Савченко, ОН and  Биягов, КЛ and Николаев, КЕ and  Мартынова ДМ and Усов, НВ and  Халаман, ВВ and Бахмет, ИН},
title = {{Отчет о работе по экологическому мониторингу акватории морского специализированного порта «Витино» в 2011 г. По договору № 1-ЗИН-РАН между ООО «Морской специализированный порт «Витино»» и Беломорской биологической станцией Зоологического института Российской Академии Наук.  Неопубликованный отчет, депонированный в библиотеке Кандалакшского Государственного Заповедника}},
institution = {Зоологический институт РАН},
year = {2011}
}
