@article{ершов2010изменения,
  title={ИЗМЕНЕНИЯ ХАРАКТЕРА ПИТАНИЯ ПРИБРЕЖНОЙ ТРЕСКИ GADUS MORHUA MARISALBI B КАНДАЛАКШСКОМ ЗАЛИВЕ БЕЛОГО МОРЯ В УСЛОВИЯХ ВОЗРОСШЕЙ ЧИСЛЕННОСТИ ТРЁХИГЛОЙ КОЛЮШКИ GASTEROSTEUS ACULEATUS},
  author={Ершов, ПН},
  journal={Вопросы ихтиологии},
  volume={50},
  number={1},
  pages={88--92},
  year={2010},
  publisher={Федеральное государственное бюджетное учреждение" Российская академия наук"}
}

@article{ершов2010cтруктура,
  title={Cтруктура популяции, рост и питание полосатой зубатки Anarhichas lupus marisalbi Barsukov, 1956 в Кандалакшском заливе Белого моря},
  author={Ершов, ПН},
  journal={Труды Зоологического института РАН},
  volume={314},
  number={3},
  pages={343--356},
  year={2010},
  publisher={Федеральное государственное бюджетное учреждение науки Зоологический~…}
}

@inproceedings{максимович2004современное,
  title={Современное состояние и перспективы промысла морской травы Zostera marina L. в прибрежных акваториях карельского берега Белого моря},
  author={Максимович, НВ and Иванов, МВ and Букина, МВ},
  booktitle={Проблемы изучения, рационального использования и охраны ресурсов Белого моря. Материалы IX международной конференции},
  pages={11--14},
  year={2004}
}

@article{лайус2013волны,
  title={" Волны жизни" беломорской колюшки},
  author={Лайус, Дмитрий Людвигович and Иванова, Татьяна Сослановна and Шатских, Елена Викторовна and Иванов, МВ},
  journal={Природа},
  number={4},
  pages={43--52},
  year={2013},
  publisher={Федеральное государственное унитарное предприятие Академический научно~…}
}


@article{ivanova2016white,
  title={The White Sea threespine stickleback population: spawning habitats, mortality, and abundance},
  author={Ivanova, TS and Ivanov, MV and Golovin, PV and Polyakova, NV and Lajus, DL},
  journal={Evolutionary ecology research},
  volume={17},
  number={3},
  pages={301--315},
  year={2016},
  publisher={Evolutionary Ecology, Ltd.}
}

@article{den1987wasting,
  title={“Wasting disease” and other dynamic phenomena in Zostera beds},
  author={Den Hartog, C},
  journal={Aquatic Botany},
  volume={27},
  number={1},
  pages={3--14},
  year={1987},
  publisher={Elsevier}
}

@article{демчук2017питание,
  title={Питание молоди трехиглой колюшки (Gasterosteus aculeatus L.) в течение приливно-отливного цикла},
  author={Демчук, АС and Полякова, НВ and Иванов, МВ and Иванова, ТС and Лайус, ДЛ},
  journal={Изучение, рациональное использование и охрана природных ресурсов Белого моря.- СПб, 2017. 303 с.},
  year={2017}
}

@article{бабков1982краткая,
  title={Краткая гидрологическая характеристика губы Чупа Белого моря},
  author={Бабков, АИ},
  journal={Экологические исследования перспективных объектов марикультуры фауны Белого моря.--Л.: Изд-во ЗИН АН СССР},
  pages={3--17},
  year={1982}
}

@article{бабков1985принципах,
  title={О принципах выделения гидрологических сезонов (на примере губы Чупа Белого моря)},
  author={Бабков, АИ},
  journal={Исслед. фауны морей},
  volume={31},
  number={39},
  pages={84--88},
  year={1985}
}

@article{герасимова1991условия,
  title={Условия питания и особенности трофических связей промысловых рыб Белого моря},
  author={Герасимова, ОВ and Подражанская, СГ},
  year={1991},
  publisher={Изд-во ВНИРО/VNIRO Publishing}
}

rticle{кокин1970состав,
  title={Состав и динамика фитопланктона Карельского побережья Белого моря},
  author={Кокин, КА and Кольцова, ТИ and Хлебович, ТВ},
  journal={Бот. журн},
  volume={55},
  number={4},
  pages={499--509},
  year={1970}
}

@incollection{кособокова2012зоопланктон,
  title={Зоопланктон Белого моря: структура, динамика и экология сообществ},
  author={Кособокова, Ксения Николаевна and Перцова, НМ},
  booktitle={Система Белого моря},
  pages={640--674},
  year={2012}
}

@article{прыгункова1974некоторые,
  title={Некоторые особенности сезонного развития зоопланктона губы Чупа Белого моря},
  author={Прыгункова, РВ},
  journal={Исследования фауны морей},
  volume={13},
  number={21},
  pages={56--64},
  year={1974}
}

@phdthesis{усов2015сезонная,
  title={Сезонная и многолетняя динамика обилия зоопланктона в прибрежной зоне Кандалакшского залива Белого моря в связи с изменениями температуры воды.},
  author={Усов, Николай Викторович},
  year={2015}
}

@article{хлебович1974качественный,
  title={Качественный состав и сезонные изменения численности фитопланктона в губе Чупа Белого моря},
  author={Хлебович, ТВ},
  journal={Исследования фауны морей},
  volume={13},
  number={21},
  pages={56--64},
  year={1974}
}


@article{ilyash2018phytoplankton,
  title={Phytoplankton of the White sea},
  author={Ilyash, Ludmila V and Belevich, Tatiana A and Zhitina, Ludmila S and Radchenko, Irina G and Ratkova, Tatiana N},
  journal={Biogeochemistry of the Atmosphere, Ice and Water of the White Sea: The White Sea Environment Part I},
  pages={187--222},
  year={2018},
  publisher={Springer}
}


@article{kosobokova1999reproductive,
  title={The reproductive cycle and life history of the Arctic copepod Calanus glacialis in the White Sea},
  author={Kosobokova, KN},
  journal={Polar Biology},
  volume={22},
  pages={254--263},
  year={1999},
  publisher={Springer}
}

@article{tilzer1986light,
  title={Light-temperature interactions in the control of photosynthesis in Antarctic phytoplankton},
  author={Tilzer, Max M and Elbr{\"a}chter, malte and Gieskes, Winfried W and Beese, B{\"a}rbel},
  journal={Polar biology},
  volume={5},
  pages={105--111},
  year={1986},
  publisher={Springer}
}

@article{usov2021phenological,
  title={Phenological responses of the Arctic, ubiquitous, and boreal copepod species to long-term changes in the annual seasonality of the water temperature in the White Sea},
  author={Usov, Nikolay V and Khaitov, Vadim M and Kutcheva, Inna P and Martynova, Daria M},
  journal={Polar Biology},
  volume={44},
  number={5},
  pages={959--976},
  year={2021},
  publisher={Springer}
}

@article{usov2024joint,
  title={Joint seasonal dynamics of phytoplankton and zooplankton in the sub-Arctic White Sea},
  author={Usov, Nikolay and Radchenko, Irina and Smirnov, Vyacheslav and Sukhotin, Alexey},
  journal={Marine Ecology Progress Series},
  volume={732},
  pages={33--51},
  year={2024}
}

@book{filatov2007white,
  title={White Sea: its marine environment and ecosystem dynamics influenced by global change},
  author={Filatov, Nikolai and Pozdnyakov, Dmitry and Johannessen, Olaf M and Pettersson, Lasse H and Bobylev, Leonid P},
  year={2007},
  publisher={Springer Science \& Business Media}
}





